% Generated by Paperpile. Check out http://paperpile.com for more information.
% BibTeX export options can be customized via Settings -> BibTeX.

@misc{yunounderstand,
  author = {Eric L Seidel and Ranjit Jhala},
  title = {A Collection of Novice Interactions with the {OCaml} {Top-Level} System},
  month = jun,
  year = 2017,
  doi = {10.5281/zenodo.806814},
  url = {https://doi.org/10.5281/zenodo.806814}
}

@article{Felleisen92,
title = "The revised report on the syntactic theories of sequential control and state",
journal = "Theoretical Computer Science",
volume = "103",
number = "2",
pages = "235 - 271",
year = "1992",
issn = "0304-3975",
doi = "https://doi.org/10.1016/0304-3975(92)90014-7",
url = "http://www.sciencedirect.com/science/article/pii/0304397592900147",
author = "Matthias Felleisen and Robert Hieb",
abstract = "The syntactic theories of control and state are conservative extensions of the Î»Ï-calculus for equational reasoning about imperative programming facilities in higher-order languages. Unlike the simple Î»Ï-calculus, the extended theories are mixtures of equivalence relations and compatible congruence relations on the term language, which significantly complicates the reasoning process. In this paper we develop fully compatible equational theories of the same imperative higher-order programming languages. The new theories subsume the original calculi of control and state and satisfy the usual ChurchâRosser and Standardization Theorems. With the new calculi, equational reasoning about imperative programs becomes as simple as reasoning about functional programs."
}

@misc{compsci-demand,
  author = {Taylor Soper},
  title = {Analysis: The exploding demand for computer science education, and why America needs to keep up},
  howpublished = {\url{https://www.geekwire.com/2014/analysis-examining-computer-science-education-explosion/}},
  year = 2014,
  note = {Accessed: 2019-07-14}
}

@misc{compsci-classes,
  author = {Natasha Singer},
  title = {The Hard Part of Computer Science? Getting Into Class},
  howpublished = {\url{https://www.nytimes.com/2019/01/24/technology/computer-science-courses-college.html}},
  year = 2019,
  note = {Accessed: 2019-07-14}
}

@misc{moocs,
  author = {Dhawal Shah},
  title = {Year of MOOC-based Degrees: A Review of MOOC Stats and Trends in 2018},
  howpublished = {\url{https://www.edsurge.com/news/2019-01-02-year-of-mooc-based-degrees-a-review-of-mooc-stats-and-trends-in-2018}},
  year = 2019,
  note = {Accessed: 2019-07-14}
}

@article{Seidel:2017,
  author = {Seidel, Eric L. and Sibghat, Huma and Chaudhuri, Kamalika and Weimer, Westley and Jhala, Ranjit},
  title = {Learning to Blame: Localizing Novice Type Errors with Data-driven Diagnosis},
  journal = {Proc. ACM Program. Lang.},
  issue_date = {October 2017},
  volume = {1},
  number = {OOPSLA},
  month = oct,
  year = {2017},
  issn = {2475-1421},
  pages = {60:1--60:27},
  articleno = {60},
  numpages = {27},
  url = {http://doi.acm.org/10.1145/3138818},
  doi = {10.1145/3138818},
  acmid = {3138818},
  publisher = {ACM},
  address = {New York, NY, USA},
  keywords = {fault localization, type errors},
}

@inproceedings{martinez2013automatically,
  title={Automatically extracting instances of code change patterns with ast analysis},
  author={Martinez, Matias and Duchien, Laurence and Monperrus, Martin},
  booktitle={2013 IEEE international conference on software maintenance},
  pages={388--391},
  year={2013},
  organization={IEEE}
}

@article{martinez2015mining,
  title={Mining software repair models for reasoning on the search space of automated program fixing},
  author={Martinez, Matias and Monperrus, Martin},
  journal={Empirical Software Engineering},
  volume={20},
  number={1},
  pages={176--205},
  year={2015},
  publisher={Springer}
}

@article{halevy09,
  title={The unreasonable effectiveness of data},
  author={Halevy, Alon and Norvig, Peter and Pereira, Fernando},
  journal={IEEE Intelligent Systems},
  volume={24},
  number={2},
  pages={8--12},
  year={2009},
  publisher={IEEE}
}

@article{singh2013,
  title={Automated feedback generation for introductory programming assignments},
  author={Singh, Rishabh and Gulwani, Sumit and Solar-Lezama, Armando},
  journal={Acm Sigplan Notices},
  volume={48},
  number={6},
  pages={15--26},
  year={2013},
  publisher={ACM}
}

@article{Jose:2011,
 author = {Jose, Manu and Majumdar, Rupak},
 title = {Cause Clue Clauses: Error Localization Using Maximum Satisfiability},
 journal = {SIGPLAN Not.},
 issue_date = {June 2011},
 volume = {46},
 number = {6},
 month = jun,
 year = {2011},
 issn = {0362-1340},
 pages = {437--446},
 numpages = {10},
 url = {http://doi.acm.org/10.1145/1993316.1993550},
 doi = {10.1145/1993316.1993550},
 acmid = {1993550},
 publisher = {ACM},
 address = {New York, NY, USA},
 keywords = {bug assist, debugging, fault localization, maximum satisfiability},
}

@inbook{Goodfellow-et-al-2016,
  title = {Deep Learning},
  author = {Ian Goodfellow and Yoshua Bengio and Aaron Courville},
  publisher = {MIT Press},
  pages={180--184},
  year = {2016},
  note = {\url{http://www.deeplearningbook.org}}
}

@inbook{Bishop-book-2006,
 author = {Bishop, Christopher M.},
 title = {Pattern Recognition and Machine Learning (Information Science and Statistics)},
 year = {2006},
 pages={209--210},
 isbn = {0387310738},
 publisher = {Springer-Verlag},
 address = {Berlin, Heidelberg},
}




@INPROCEEDINGS{Qi2013-qd,
  title     = "Using Automated Program Repair for Evaluating the Effectiveness
               of Fault Localization Techniques",
  booktitle = "Proceedings of the 2013 International Symposium on Software
               Testing and Analysis",
  author    = "Qi, Yuhua and Mao, Xiaoguang and Lei, Yan and Wang, Chengsong",
  publisher = "ACM",
  pages     = "191--201",
  series    = "ISSTA 2013",
  year      =  2013,
  address   = "New York, NY, USA",
  keywords  = "Fault localization, automated debugging, automated program
               repair;Type Errors",
  isbn      = "9781450321594",
  doi       = "10.1145/2483760.2483785"
}

@INPROCEEDINGS{Chen2002-qz,
  title     = "Pinpoint: problem determination in large, dynamic Internet
               services",
  booktitle = "Proceedings International Conference on Dependable Systems and
               Networks",
  author    = "Chen, M Y and Kiciman, E and Fratkin, E and Fox, A and Brewer, E",
  pages     = "595--604",
  year      =  2002,
  keywords  = "Internet;client-server systems;data mining;fault
               diagnosis;statistical analysis;J2EE platform;Pinpoint;believed
               failures;believed successes;client requests;coarse-grained
               tagging;communications layer;data analysis engine;data
               mining;dynamic analysis methodology;e-commerce systems;failure
               detector;large dynamic Internet services;middleware
               instrumentation;problem determination;traffic-sniffing;Data
               analysis;Data mining;Detectors;Failure analysis;Fault
               diagnosis;Instruments;Middleware;Search engines;Tagging;Web and
               internet services;Type Errors",
  doi       = "10.1109/DSN.2002.1029005"
}

@INCOLLECTION{Binkley2004-de,
  title     = "A Survey of Empirical Results on Program Slicing",
  booktitle = "Advances in Computers",
  author    = "Binkley, David and Harman, Mark",
  publisher = "Elsevier",
  volume    =  62,
  pages     = "105--178",
  year      =  2004,
  keywords  = "Type Errors",
  doi       = "10.1016/S0065-2458(03)62003-6"
}

@ARTICLE{Yoo2013-rw,
  title     = "Fault Localization Prioritization: Comparing
               Information-theoretic and Coverage-based Approaches",
  author    = "Yoo, Shin and Harman, Mark and Clark, David",
  journal   = "ACM Trans. Softw. Eng. Methodol.",
  publisher = "ACM",
  volume    =  22,
  number    =  3,
  pages     = "19:1--19:29",
  month     =  jul,
  year      =  2013,
  address   = "New York, NY, USA",
  keywords  = "Test case prioritization, fault localization, information
               theory;Type Errors",
  issn      = "1049-331X",
  doi       = "10.1145/2491509.2491513"
}

@INPROCEEDINGS{Li2012-ws,
  title     = "Using Cluster Analysis to Identify Coincidental Correctness in
               Fault Localization",
  booktitle = "2012 Fourth International Conference on Computational and
               Information Sciences",
  author    = "Li, Y and Liu, C",
  pages     = "357--360",
  month     =  aug,
  year      =  2012,
  keywords  = "automatic testing;fault diagnosis;pattern clustering;program
               debugging;software fault tolerance;Siemens Suit
               programs;automatic coincidental correct test
               identification;cluster analysis;debugging efficiency;fault
               localization techniques;faulty
               statements;Accuracy;Debugging;Educational institutions;Fault
               diagnosis;Schedules;Software;USA Councils;cluster
               analysis;coincidental correctness;fault localization;Type Errors",
  doi       = "10.1109/ICCIS.2012.361"
}

@INPROCEEDINGS{Jiang2007-qm,
  title     = "Context-aware Statistical Debugging: From Bug Predictors to
               Faulty Control Flow Paths",
  booktitle = "Proceedings of the Twenty-second {IEEE/ACM} International
               Conference on Automated Software Engineering",
  author    = "Jiang, Lingxiao and Su, Zhendong",
  publisher = "ACM",
  pages     = "184--193",
  series    = "ASE '07",
  year      =  2007,
  address   = "New York, NY, USA",
  keywords  = "bug localization, control flow analysis, machine learning,
               statistical debugging;Type Errors",
  isbn      = "9781595938824",
  doi       = "10.1145/1321631.1321660"
}

@INPROCEEDINGS{Zheng2006-wx,
  title     = "Statistical Debugging: Simultaneous Identification of Multiple
               Bugs",
  booktitle = "Proceedings of the 23rd International Conference on Machine
               Learning",
  author    = "Zheng, Alice X and Jordan, Michael I and Liblit, Ben and Naik,
               Mayur and Aiken, Alex",
  publisher = "ACM",
  pages     = "1105--1112",
  series    = "ICML '06",
  year      =  2006,
  address   = "New York, NY, USA",
  keywords  = "Type Errors",
  isbn      = "9781595933836",
  doi       = "10.1145/1143844.1143983"
}

@ARTICLE{Wong2009-pl,
  title    = "{BP} Neural Network-based Effective Fault Localization",
  author   = "Wong, W E and Qi, Y",
  journal  = "Int. J. Software Engineer. Knowledge Engineer.",
  volume   =  19,
  number   =  04,
  pages    = "573--597",
  year     =  2009,
  keywords = "Type Errors",
  eprint   = "http://www.worldscientific.com/doi/pdf/10.1142/S021819400900426X",
  doi      = "10.1142/S021819400900426X"
}

@ARTICLE{Wong2010-su,
  title    = "A family of code coverage-based heuristics for effective fault
              localization",
  author   = "Wong, W E and Debroy, Vidroha and Choi, Byoungju",
  journal  = "J. Syst. Softw.",
  volume   =  83,
  number   =  2,
  pages    = "188--208",
  year     =  2010,
  keywords = "Fault localization; Program debugging; Code coverage; Heuristics;
              Suspiciousness of code; Successful tests; Failed tests;Type
              Errors",
  issn     = "0164-1212",
  doi      = "10.1016/j.jss.2009.09.037"
}

@INPROCEEDINGS{Wang2009-bs,
  title           = "Taming coincidental correctness: Coverage refinement with
                     context patterns to improve fault localization",
  booktitle       = "2009 {IEEE} 31st International Conference on Software
                     Engineering",
  author          = "Wang, X and Cheung, S C and Chan, W K and Zhang, Z",
  publisher       = "IEEE",
  pages           = "45--55",
  month           =  may,
  year            =  2009,
  keywords        = "data flow analysis;program debugging;program
                     testing;software fault tolerance;system
                     recovery;coincidental correctness taming;context
                     pattern;control-flow pattern;coverage refinement;data-flow
                     pattern;fault localization;mutation analysis;program
                     debugging;program entity;program failure;program
                     test;Cities and towns;Costs;Councils;Debugging;Fault
                     detection;Fault diagnosis;Genetic mutations;Software
                     maintenance;Testing;Type Errors",
  conference      = "2009 IEEE 31st International Conference on Software
                     Engineering",
  issn            = "0270-5257",
  isbn            = "9781424434534",
  doi             = "10.1109/ICSE.2009.5070507"
}

@INPROCEEDINGS{Taha1989-am,
  title     = "An approach to software fault localization and revalidation
               based on incremental data flow analysis",
  booktitle = "Proceedings of the Thirteenth Annual International Computer
               Software Applications Conference",
  author    = "Taha, A B and Thebaut, S M and Liu, S S",
  pages     = "527--534",
  month     =  sep,
  year      =  1989,
  keywords  = "program verification;software reliability;incremental data flow
               analysis;invalid;nonrelevant;partitioning;program
               modification;program validation;regression
               testing;relevant;software fault localization;software fault
               revalidation;Application software;Costs;Data
               analysis;Debugging;Information analysis;Life testing;Software
               engineering;Software systems;Software testing;System
               testing;Type Errors",
  doi       = "10.1109/CMPSAC.1989.65142"
}

@INPROCEEDINGS{Nessa2009-ws,
  title     = "Fault localization using N-gram analysis",
  booktitle = "Proceedings of the 3rd International Conference on Wireless
               Algorithms, Systems, and Applications",
  author    = "Nessa, S and Abedin, M and Wong, W Eric and Khan, L and Qi, Y",
  pages     = "548--559",
  year      =  2009,
  keywords  = "Type Errors"
}

@INPROCEEDINGS{Liu2006-rs,
  title     = "Failure Proximity: A Fault Localization-based Approach",
  booktitle = "Proceedings of the 14th {ACM} {SIGSOFT} International Symposium
               on Foundations of Software Engineering",
  author    = "Liu, Chao and Han, Jiawei",
  publisher = "ACM",
  pages     = "46--56",
  series    = "SIGSOFT '06/FSE-14",
  year      =  2006,
  address   = "New York, NY, USA",
  keywords  = "debugging aids, failure proximity, statistical debugging;Type
               Errors",
  isbn      = "9781595934680",
  doi       = "10.1145/1181775.1181782"
}

@ARTICLE{Liu2006-ef,
  title    = "Statistical Debugging: A Hypothesis {Testing-Based} Approach",
  author   = "Liu, Chao and Fei, Long and Yan, Xifeng and Han, Jiawei and
              Midkiff, S P",
  journal  = "IEEE Trans. Software Eng.",
  volume   =  32,
  number   =  10,
  pages    = "831--848",
  month    =  oct,
  year     =  2006,
  keywords = "program debugging;program diagnostics;program testing;statistical
              analysis;hypothesis testing;program testing;software fault
              localization;statistical debugging;Chaos;Costs;Debugging;Fault
              location;Helium;History;Labeling;Runtime;Statistical
              analysis;Testing;Debugging aids;statistical
              debugging.;statistical methods;Type Errors",
  issn     = "0098-5589",
  doi      = "10.1109/TSE.2006.105"
}

@INPROCEEDINGS{Liblit2005-pr,
  title           = "Scalable statistical bug isolation",
  booktitle       = "Proceedings of the 2005 {ACM} {SIGPLAN} conference on
                     Programming language design and implementation - {PLDI}
                     '05",
  author          = "Liblit, Ben and Naik, Mayur and Zheng, Alice X and Aiken,
                     Alex and Jordan, Michael I",
  publisher       = "ACM Press",
  pages           = "15",
  year            =  2005,
  address         = "New York, New York, USA",
  keywords        = "Type Errors",
  conference      = "the 2005 ACM SIGPLAN conference",
  isbn            = "9781595930569",
  doi             = "10.1145/1065010.1065014"
}

@INPROCEEDINGS{Jones2005-lh,
  title     = "Empirical Evaluation of the Tarantula Automatic
               Fault-localization Technique",
  booktitle = "Proceedings of the 20th {IEEE/ACM} International Conference on
               Automated Software Engineering",
  author    = "Jones, James A and Harrold, Mary Jean",
  publisher = "ACM",
  pages     = "273--282",
  series    = "ASE '05",
  year      =  2005,
  address   = "New York, NY, USA",
  keywords  = "automated debugging, empirical study, fault localization,
               program analysis;Type Errors",
  isbn      = "9781581139938",
  doi       = "10.1145/1101908.1101949"
}

@INPROCEEDINGS{Gupta2005-ut,
  title     = "Locating Faulty Code Using Failure-inducing Chops",
  booktitle = "Proceedings of the 20th {IEEE/ACM} International Conference on
               Automated Software Engineering",
  author    = "Gupta, Neelam and He, Haifeng and Zhang, Xiangyu and Gupta,
               Rajiv",
  publisher = "ACM",
  pages     = "263--272",
  series    = "ASE '05",
  year      =  2005,
  address   = "New York, NY, USA",
  keywords  = "automated debugging, backward dynamic, failure-inducing input,
               forward dynamic program slicing, program slicing;Type Errors",
  isbn      = "9781581139938",
  doi       = "10.1145/1101908.1101948"
}

@ARTICLE{Groce2006-fw,
  title     = "Error explanation with distance metrics",
  author    = "Groce, Alex and Chaki, Sagar and Kroening, Daniel and Strichman,
               Ofer",
  journal   = "Int. J. Softw. Tools Technol. Trans.",
  publisher = "Springer-Verlag",
  volume    =  8,
  number    =  3,
  pages     = "229--247",
  month     =  "1~" # jun,
  year      =  2006,
  keywords  = "Type Errors",
  language  = "en",
  issn      = "1433-2779, 1433-2787",
  doi       = "10.1007/s10009-005-0202-0"
}

@INPROCEEDINGS{Brun2004-wq,
  title     = "Finding Latent Code Errors via Machine Learning over Program
               Executions",
  booktitle = "Proceedings of the 26th International Conference on Software
               Engineering",
  author    = "Brun, Yuriy and Ernst, Michael D",
  publisher = "IEEE Computer Society",
  pages     = "480--490",
  series    = "ICSE '04",
  year      =  2004,
  address   = "Washington, DC, USA",
  keywords  = "Type Errors",
  isbn      = "9780769521633"
}

@INPROCEEDINGS{Briand2007-ag,
  title     = "Using Machine Learning to Support Debugging with Tarantula",
  booktitle = "The 18th {IEEE} International Symposium on Software Reliability
               ({ISSRE} '07)",
  author    = "Briand, L C and Labiche, Y and Liu, X",
  pages     = "137--146",
  month     =  nov,
  year      =  2007,
  keywords  = "Debugging;Decision trees;Failure analysis;Laboratories;Machine
               learning;Machine learning algorithms;Reliability
               engineering;Software quality;Software reliability;Testing;Type
               Errors",
  issn      = "1071-9458",
  doi       = "10.1109/ISSRE.2007.31"
}

@INPROCEEDINGS{Ascari2009-qi,
  title     = "Exploring machine learning techniques for fault localization",
  booktitle = "2009 10th Latin American Test Workshop",
  author    = "Ascari, L C and Araki, L Y and Pozo, A R T and Vergilio, S R",
  pages     = "1--6",
  month     =  mar,
  year      =  2009,
  keywords  = "fault location;learning (artificial intelligence);neural
               nets;support vector machines;SVM;debugging;fault
               localization;machine learning;neural network;support vector
               machines;Art;Backpropagation;Computer science;Costs;Machine
               learning;Neural networks;Software debugging;Software
               testing;Support vector machines;System testing;Type Errors",
  issn      = "2373-0862",
  doi       = "10.1109/LATW.2009.4813783"
}

@TECHREPORT{Wong2009-pd,
  title       = "A survey of software fault localization",
  author      = "Wong, W Eric and Debroy, Vidroha",
  number      = "UTDCS-45-09",
  institution = "University of Texas at Dallas",
  year        =  2009,
  keywords    = "Type Errors"
}

@ARTICLE{Abreu2009-ye,
  title    = "A practical evaluation of spectrum-based fault localization",
  author   = "Abreu, Rui and Zoeteweij, Peter and Golsteijn, Rob and van
              Gemund, Arjan J C",
  journal  = "J. Syst. Softw.",
  volume   =  82,
  number   =  11,
  pages    = "1780--1792",
  month    =  nov,
  year     =  2009,
  keywords = "Test data analysis; Software fault diagnosis; Program spectra;
              Real-time and embedded systems; Consumer electronics;Type Errors",
  issn     = "0164-1212",
  doi      = "10.1016/j.jss.2009.06.035"
}

@INPROCEEDINGS{Jones2002-us,
  title     = "Visualization of Test Information to Assist Fault Localization",
  booktitle = "Proceedings of the 24th International Conference on Software
               Engineering",
  author    = "Jones, James A and Harrold, Mary Jean and Stasko, John",
  publisher = "ACM",
  pages     = "467--477",
  series    = "ICSE '02",
  year      =  2002,
  address   = "New York, NY, USA",
  keywords  = "Type Errors",
  isbn      = "9781581134728",
  doi       = "10.1145/581339.581397"
}

@INPROCEEDINGS{Renieres2003-ly,
  title     = "Fault localization with nearest neighbor queries",
  booktitle = "18th {IEEE} International Conference on Automated Software
               Engineering, 2003. Proceedings.",
  author    = "Renieres, M and Reiss, S P",
  pages     = "30--39",
  month     =  oct,
  year      =  2003,
  keywords  = "fault diagnosis;program diagnostics;software quality;software
               tools;Siemens suite;Whither;block profiling spectra;distance
               criterion;fault localization;nearest neighbor queries;similar
               program spectra;Computer bugs;Computer
               science;Debugging;Electronic mail;Navigation;Nearest neighbor
               searches;Programming profession;Runtime;Software
               engineering;Testing;Type Errors",
  issn      = "1938-4300",
  doi       = "10.1109/ASE.2003.1240292"
}

@INPROCEEDINGS{Abreu2006-fn,
  title     = "An Evaluation of Similarity Coefficients for Software Fault
               Localization",
  booktitle = "2006 12th Pacific Rim International Symposium on Dependable
               Computing",
  author    = "Abreu, Rui and Zoeteweij, Peter and van Gemund, Arjan J C",
  pages     = "39--46",
  series    = "PRDC '06",
  month     =  dec,
  year      =  2006,
  keywords  = "fault diagnosis;probability;program debugging;program
               diagnostics;software fault tolerance;AMPLE;Ochiai
               coefficient;Pinpoint;Siemens Suite;Tarantula;automated debugging
               tools;automated software fault diagnosis;benchmark
               faults;dependable software;molecular biology;probability
               ranking;program spectral approach;similarity
               coefficients;software fault localization;Computer bugs;Computer
               science;Embedded system;Fault diagnosis;Mathematics;Particle
               measurements;Software debugging;Software reliability;Software
               testing;System testing;Type Errors",
  doi       = "10.1109/PRDC.2006.18"
}

@INPROCEEDINGS{Agrawal1995-si,
  title     = "Fault localization using execution slices and dataflow tests",
  booktitle = "Software Reliability Engineering, 1995. Proceedings., Sixth
               International Symposium on",
  author    = "Agrawal, H and Horgan, J R and London, S and Wong, W E",
  pages     = "143--151",
  month     =  oct,
  year      =  1995,
  keywords  = "data flow analysis;program debugging;program testing;reverse
               engineering;software reliability;software tools;dataflow
               tests;execution dicing;execution slices;execution
               slicing;heuristic techniques;program fault localization;program
               purpose;program semantics;program structure;program
               testing;program understanding;software tool;test cases;Cities
               and towns;Computer bugs;Debugging;Fault detection;Programming
               profession;Testing;Type Errors",
  issn      = "1071-9458",
  doi       = "10.1109/ISSRE.1995.497652"
}

@INPROCEEDINGS{Abreu2007-mu,
  title     = "On the Accuracy of Spectrum-based Fault Localization",
  booktitle = "Testing: Academic and Industrial Conference Practice and
               Research Techniques - {MUTATION}",
  author    = "Abreu, Rui and Zoeteweij, Peter and van Gemund, Arjan J C",
  pages     = "89--98",
  series    = "TAICPART-MUTATION 2007",
  year      =  2007,
  keywords  = "program debugging;program diagnostics;program
               testing;light-weight automated diagnosis technique;low-quality
               error observations;spectrum-based fault localization;test data
               analysis;test-diagnose-repair cycle;Automatic testing;Benchmark
               testing;Computer industry;Debugging;Failure analysis;Fault
               detection;Fault diagnosis;Fault location;Mathematics;Software
               testing;Type Errors",
  doi       = "10.1109/TAIC.PART.2007.13"
}

@INPROCEEDINGS{Parnin2011-ce,
  title     = "Are Automated Debugging Techniques Actually Helping Programmers?",
  booktitle = "Proceedings of the 2011 International Symposium on Software
               Testing and Analysis",
  author    = "Parnin, Chris and Orso, Alessandro",
  publisher = "ACM",
  pages     = "199--209",
  series    = "ISSTA '11",
  year      =  2011,
  address   = "New York, NY, USA",
  keywords  = "statistical debugging, user studies;Type Errors",
  isbn      = "9781450305624",
  doi       = "10.1145/2001420.2001445"
}

@ARTICLE{Rolim2016-gx,
  title         = "Learning Syntactic Program Transformations from Examples",
  author        = "Rolim, Reudismam and Soares, Gustavo and D'Antoni, Loris and
                   Polozov, Oleksandr and Gulwani, Sumit and Gheyi, Rohit and
                   Suzuki, Ryo and Hartmann, Bjoern",
  month         =  "31~" # aug,
  year          =  2016,
  keywords      = "Type Errors",
  archivePrefix = "arXiv",
  eprint        = "1608.09000",
  primaryClass  = "cs.SE",
  arxivid       = "1608.09000"
}

@TECHREPORT{Serrano2016-ii,
  title       = "{Context-Dependent} Type Error Diagnosis for Functional
                 Languages",
  author      = "Serrano, Alejandro and Hage, Jurriaan",
  publisher   = "cs.uu.nl",
  number      = "UU-CS-2016-011",
  institution = "Utrecht University",
  year        =  2016,
  keywords    = "Type Errors"
}

@INPROCEEDINGS{Engler2001-vt,
  title     = "Bugs As Deviant Behavior: A General Approach to Inferring Errors
               in Systems Code",
  booktitle = "Proceedings of the Eighteenth {ACM} Symposium on Operating
               Systems Principles",
  author    = "Engler, Dawson and Chen, David Yu and Hallem, Seth and Chou,
               Andy and Chelf, Benjamin",
  publisher = "ACM",
  pages     = "57--72",
  series    = "SOSP '01",
  year      =  2001,
  address   = "New York, NY, USA",
  keywords  = "Type Errors",
  isbn      = "9781581133899",
  doi       = "10.1145/502034.502041"
}

@PHDTHESIS{Rahli2011-tl,
  title    = "Investigations in intersection types: Confluence, and semantics
              of expansion in the $\lambda$-calculus, and a type error slicing
              method",
  author   = "Rahli, Vincent",
  year     =  2011,
  school   = "Heriot-Watt University",
  keywords = "Type Errors"
}

@PHDTHESIS{Pirie2014-mm,
  title    = "New developments to skalpel: A type error slicing method for
              explaining errors in type and effect systems",
  author   = "Pirie, John",
  year     =  2014,
  school   = "Heriot-Watt University",
  keywords = "Type Errors"
}

@ARTICLE{Yang2000-kz,
  title     = "A visualisation of polymorphic type checking",
  author    = "Yang, Jun and Michaelson, Greg",
  journal   = "J. Funct. Programming",
  publisher = "Cambridge Univ Press",
  volume    =  10,
  number    =  01,
  pages     = "57--75",
  year      =  2000,
  keywords  = "Type Errors",
  issn      = "0956-7968"
}

@UNPUBLISHED{Pavlinovic_undated-cg,
  title    = "Learning Root Causes of Type Errors",
  author   = "Pavlinovic, Zvonimir",
  keywords = "Type Errors"
}

@INPROCEEDINGS{Frankle2016-yk,
  title           = "Example-directed synthesis: a type-theoretic
                     interpretation",
  booktitle       = "Proceedings of the 43rd Annual {ACM} {SIGPLAN-SIGACT}
                     Symposium on Principles of Programming Languages - {POPL}
                     2016",
  author          = "Frankle, Jonathan and Osera, Peter-Michael and Walker,
                     David and Zdancewic, Steve",
  publisher       = "ACM Press",
  pages           = "802--815",
  year            =  2016,
  address         = "New York, New York, USA",
  keywords        = "Type Errors",
  conference      = "the 43rd Annual ACM SIGPLAN-SIGACT Symposium",
  isbn            = "9781450335492",
  doi             = "10.1145/2837614.2837629"
}

@INPROCEEDINGS{Wang2015-ps,
  title     = "Evaluating the usefulness of {IR-based} fault localization
               techniques",
  booktitle = "Proceedings of the 2015 International Symposium on Software
               Testing and Analysis",
  author    = "Wang, Qianqian and Parnin, Chris and Orso, Alessandro",
  publisher = "ACM",
  pages     = "1--11",
  month     =  "13~" # jul,
  year      =  2015,
  keywords  = "Fault localization; information retrieval; user studies;Type
               Errors",
  isbn      = "9781450336208",
  doi       = "10.1145/2771783.2771797"
}

@ARTICLE{Fry2010-rz,
  title     = "A human study of fault localization accuracy",
  author    = "Fry, Z P and Weimer, W",
  journal   = "Software Maintenance (ICSM), 2010 IEEE",
  publisher = "ieeexplore.ieee.org",
  year      =  2010,
  keywords  = "Type Errors"
}

@INPROCEEDINGS{Heras2013-kc,
  title      = "{Proof-Pattern} Recognition and Lemma Discovery in {ACL2}",
  booktitle  = "Logic for Programming, Artificial Intelligence, and Reasoning",
  author     = "Heras, J{\'o}nathan and Komendantskaya, Ekaterina and
                Johansson, Moa and Maclean, Ewen",
  editor     = "McMillan, Ken and Middeldorp, Aart and Voronkov, Andrei",
  publisher  = "Springer Berlin Heidelberg",
  pages      = "389--406",
  series     = "Lecture Notes in Computer Science",
  month      =  "14~" # dec,
  year       =  2013,
  keywords   = "Type Errors",
  language   = "en",
  conference = "International Conference on Logic for Programming Artificial
                Intelligence and Reasoning",
  isbn       = "9783642452208, 9783642452215",
  doi        = "10.1007/978-3-642-45221-5\_27"
}

@ARTICLE{Kaliszyk2014-vj,
  title         = "Machine Learning of Coq Proof Guidance: First Experiments",
  author        = "Kaliszyk, Cezary and Mamane, Lionel and Urban, Josef",
  month         =  "20~" # oct,
  year          =  2014,
  keywords      = "Type Errors",
  archivePrefix = "arXiv",
  eprint        = "1410.5467",
  primaryClass  = "cs.LO",
  arxivid       = "1410.5467"
}

@ARTICLE{Heras2014-st,
  title         = "{ACL2(ml)}: {Machine-Learning} for {ACL2}",
  author        = "Heras, J{\'o}nathan and Komendantskaya, Ekaterina",
  month         =  "11~" # apr,
  year          =  2014,
  keywords      = "Type Errors",
  archivePrefix = "arXiv",
  eprint        = "1404.3034",
  primaryClass  = "cs.LO",
  arxivid       = "1404.3034"
}

@ARTICLE{Tip2001-qp,
  title     = "A Slicing-based Approach for Locating Type Errors",
  author    = "Tip, F and Dinesh, T B",
  journal   = "ACM Trans. Softw. Eng. Methodol.",
  publisher = "ACM",
  volume    =  10,
  number    =  1,
  pages     = "5--55",
  month     =  jan,
  year      =  2001,
  address   = "New York, NY, USA",
  keywords  = "abstract interpretation, program slicing, semantics-based tool
               generation, static semantics, type-checking;Type Errors",
  issn      = "1049-331X",
  doi       = "10.1145/366378.366379"
}

@INPROCEEDINGS{B_Le2016-tg,
  title     = "A learning-to-rank based fault localization approach using
               likely invariants",
  booktitle = "Proceedings of the 25th International Symposium on Software
               Testing and Analysis",
  author    = "B. Le, Tien-Duy and Lo, David and Le Goues, Claire and Grunske,
               Lars",
  publisher = "ACM",
  pages     = "177--188",
  month     =  "18~" # jul,
  year      =  2016,
  keywords  = "Automated Debugging; Learning to Rank; Program Invariant;Type
               Errors",
  isbn      = "9781450343909",
  doi       = "10.1145/2931037.2931049"
}

@INPROCEEDINGS{Kell2016-tx,
  title     = "Dynamically diagnosing type errors in unsafe code",
  booktitle = "Proceedings of the 2016 {ACM} {SIGPLAN} International Conference
               on {Object-Oriented} Programming, Systems, Languages, and
               Applications",
  author    = "Kell, Stephen",
  publisher = "ACM",
  pages     = "800--819",
  month     =  "19~" # oct,
  year      =  2016,
  keywords  = "C; pointers; type information; unsafe code;Type Errors",
  isbn      = "9781450344449",
  doi       = "10.1145/2983990.2983998"
}

@INPROCEEDINGS{Kim2016-sr,
  title     = "Apex: automatic programming assignment error explanation",
  booktitle = "Proceedings of the 2016 {ACM} {SIGPLAN} International Conference
               on {Object-Oriented} Programming, Systems, Languages, and
               Applications",
  author    = "Kim, Dohyeong and Kwon, Yonghwi and Liu, Peng and Kim, I Luk and
               Perry, David Mitchel and Zhang, Xiangyu and Rodriguez-Rivera,
               Gustavo",
  publisher = "ACM",
  pages     = "311--327",
  month     =  "19~" # oct,
  year      =  2016,
  keywords  = "Automated Feedback Generation; Computer-Aided Education;Type
               Errors",
  isbn      = "9781450344449",
  doi       = "10.1145/2983990.2984031"
}

@INPROCEEDINGS{Loncaric2016-uk,
  title     = "A practical framework for type inference error explanation",
  booktitle = "Proceedings of the 2016 {ACM} {SIGPLAN} International Conference
               on {Object-Oriented} Programming, Systems, Languages, and
               Applications",
  author    = "Loncaric, Calvin and Chandra, Satish and Schlesinger, Cole and
               Sridharan, Manu",
  publisher = "ACM",
  pages     = "781--799",
  month     =  "19~" # oct,
  year      =  2016,
  keywords  = "Type Error Diagnosis; Type Inference;Type Errors",
  isbn      = "9781450344449",
  doi       = "10.1145/2983990.2983994"
}

@INPROCEEDINGS{Seidel2016-ul,
  title     = "Dynamic Witnesses for Static Type Errors (or, Ill-typed Programs
               Usually Go Wrong)",
  booktitle = "Proceedings of the 21st {ACM} {SIGPLAN} International Conference
               on Functional Programming",
  author    = "Seidel, Eric L and Jhala, Ranjit and Weimer, Westley",
  publisher = "ACM",
  pages     = "228--242",
  series    = "ICFP 2016",
  year      =  2016,
  address   = "New York, NY, USA",
  keywords  = "debugging, testing, type errors;me;Type Errors",
  isbn      = "9781450342193",
  doi       = "10.1145/2951913.2951915"
}

@INPROCEEDINGS{McAdam1999-oq,
  title     = "Generalising Techniques for Type Debugging",
  booktitle = "Selected Papers from the 1st Scottish Functional Programming
               Workshop",
  author    = "McAdam, Bruce J",
  publisher = "Intellect Books",
  pages     = "50--58",
  series    = "SFP '99",
  year      =  1999,
  address   = "Exeter, UK",
  keywords  = "Type Errors",
  isbn      = "9781841500249"
}

@INPROCEEDINGS{Yang1999-yr,
  title     = "Explaining Type Errors by Finding the Source of a Type Conflict",
  booktitle = "Selected Papers from the 1st Scottish Functional Programming
               Workshop",
  author    = "Yang, Jun",
  publisher = "Intellect Books",
  pages     = "59--67",
  series    = "SFP '99",
  year      =  1999,
  address   = "Exeter, UK",
  keywords  = "Type Errors",
  isbn      = "9781841500249"
}

@TECHREPORT{Bernstein1995-yj,
  title       = "Debugging Type Errors",
  author      = "Bernstein, Karen L and Stark, Eugene W",
  institution = "State University of New York at Stony Brook",
  year        =  1995,
  keywords    = "Type Errors"
}

@ARTICLE{Beaven1993-hb,
  title     = "Explaining Type Errors in Polymorphic Languages",
  author    = "Beaven, Mike and Stansifer, Ryan",
  journal   = "ACM Lett. Program. Lang. Syst.",
  publisher = "ACM",
  volume    =  2,
  number    = "1-4",
  pages     = "17--30",
  month     =  mar,
  year      =  1993,
  address   = "New York, NY, USA",
  keywords  = "polymorphic type reconstruction, type errors;Type Errors",
  issn      = "1057-4514",
  doi       = "10.1145/176454.176460"
}

@INPROCEEDINGS{Johnson1986-cx,
  title     = "A Maximum-flow Approach to Anomaly Isolation in
               Unification-based Incremental Type Inference",
  booktitle = "Proceedings of the 13th {ACM} {SIGACT-SIGPLAN} Symposium on
               Principles of Programming Languages",
  author    = "Johnson, Gregory F and Walz, Janet A",
  publisher = "ACM",
  pages     = "44--57",
  series    = "POPL '86",
  year      =  1986,
  address   = "New York, NY, USA",
  keywords  = "Type Errors",
  doi       = "10.1145/512644.512649"
}

@TECHREPORT{Rideau1997-kr,
  title       = "Interactive programming environment for {ML}",
  author      = "Rideau, Laurence and Th{\'e}ry, Laurent",
  number      = "RR-3139",
  institution = "INRIA",
  year        =  1997,
  keywords    = "Type Errors"
}

@INPROCEEDINGS{Wand1986-nw,
  title     = "Finding the Source of Type Errors",
  booktitle = "Proceedings of the 13th {ACM} {SIGACT-SIGPLAN} Symposium on
               Principles of Programming Languages",
  author    = "Wand, Mitchell",
  publisher = "ACM",
  pages     = "38--43",
  series    = "POPL '86",
  year      =  1986,
  address   = "New York, NY, USA",
  keywords  = "Type Errors",
  doi       = "10.1145/512644.512648"
}

@INPROCEEDINGS{Piech2015-ti,
  title     = "Learning Program Embeddings to Propagate Feedback on Student
               Code",
  booktitle = "Proceedings of The 32nd International Conference on Machine
               Learning",
  author    = "Piech, Chris and Huang, Jonathan and Nguyen, Andy and
               Phulsuksombati, Mike and Sahami, Mehran and Guibas, Leonidas",
  pages     = "1093--1102",
  year      =  2015,
  keywords  = "Type Errors"
}

@MISC{Martin_Abadi2015-bl,
  title    = "{{TensorFlow}}: {Large-Scale} Machine Learning on Heterogeneous
              Systems",
  author   = "{Mart{\'\i}n Abadi} and {Ashish Agarwal} and {Paul Barham} and
              {Eugene Brevdo} and {Zhifeng Chen} and {Craig Citro} and {Greg S.
              Corrado} and {Andy Davis} and {Jeffrey Dean} and {Matthieu Devin}
              and {Sanjay Ghemawat} and {Ian Goodfellow} and {Andrew Harp} and
              {Geoffrey Irving} and {Michael Isard} and Jia, Yangqing and
              {Rafal Jozefowicz} and {Lukasz Kaiser} and {Manjunath Kudlur} and
              {Josh Levenberg} and {Dan Man{\'e}} and {Rajat Monga} and {Sherry
              Moore} and {Derek Murray} and {Chris Olah} and {Mike Schuster}
              and {Jonathon Shlens} and {Benoit Steiner} and {Ilya Sutskever}
              and {Kunal Talwar} and {Paul Tucker} and {Vincent Vanhoucke} and
              {Vijay Vasudevan} and {Fernanda Vi{\'e}gas} and {Oriol Vinyals}
              and {Pete Warden} and {Martin Wattenberg} and {Martin Wicke} and
              {Yuan Yu} and {Xiaoqiang Zheng}",
  year     =  2015,
  keywords = "Type Errors"
}

@INPROCEEDINGS{Bielik2016-br,
  title     = "{PHOG}: Probabilistic Model for Code",
  booktitle = "Proceedings of the 33rd International Conference on Machine
               Learning",
  author    = "Bielik, Pavol and Raychev, Veselin and Vechev, Martin",
  series    = "ICML '16",
  year      =  2016,
  keywords  = "Type Errors"
}

@PHDTHESIS{McAdam2002-bc,
  title     = "Repairing type errors in functional programs",
  author    = "McAdam, B J",
  editor    = "Gilmore, Stephen",
  publisher = "era.lib.ed.ac.uk",
  year      =  2002,
  school    = "University of Edinburgh",
  keywords  = "Type Errors"
}

@ARTICLE{Chen2016-qo,
  title     = "Exploiting diversity in type checkers for better error messages",
  author    = "Chen, Sheng and Erwig, Martin and Smeltzer, Karl",
  journal   = "Journal of Visual Languages \& Computing",
  publisher = "Elsevier",
  year      =  2016,
  keywords  = "Type-error diagnosing; Tool combining;Type Errors",
  issn      = "1045-926X",
  doi       = "10.1016/j.jvlc.2016.07.001"
}

@ARTICLE{Lampropoulos2016-jj,
  title     = "Beginner's Luck: A Language for {Property-Based} Generators",
  author    = "Lampropoulos, L and Gallois-Wong, D and Hritcu, C and {others}",
  journal   = "arXiv preprint arXiv:",
  publisher = "arxiv.org",
  year      =  2016,
  keywords  = "Type Errors"
}

@BOOK{Krippendorff2012-wd,
  title     = "Content Analysis: An Introduction to Its Methodology",
  author    = "Krippendorff, K",
  publisher = "SAGE Publications",
  year      =  2012,
  keywords  = "Type Errors",
  isbn      = "9781412983150",
  lccn      = "2011048278"
}

@ARTICLE{Fleiss1971-du,
  title     = "Measuring nominal scale agreement among many raters",
  author    = "Fleiss, Joseph L",
  journal   = "Psychol. Bull.",
  publisher = "American Psychological Association",
  volume    =  76,
  number    =  5,
  pages     = "378",
  month     =  nov,
  year      =  1971,
  keywords  = "nominal scale agreement measurement among many raters, statistic
               kappa, rating of psychiatric patients;Type Errors",
  language  = "en",
  issn      = "0033-2909, 1939-1455",
  doi       = "10.1037/h0031619"
}

@ARTICLE{Landis1977-ey,
  title    = "The measurement of observer agreement for categorical data",
  author   = "Landis, J R and Koch, G G",
  journal  = "Biometrics",
  volume   =  33,
  number   =  1,
  pages    = "159--174",
  month    =  mar,
  year     =  1977,
  keywords = "Type Errors",
  language = "en",
  issn     = "0006-341X",
  pmid     = "843571"
}

@ARTICLE{Hallgren2012-zl,
  title       = "Computing {Inter-Rater} Reliability for Observational Data: An
                 Overview and Tutorial",
  author      = "Hallgren, Kevin A",
  affiliation = "University of New Mexico, Department of Psychology.",
  journal     = "Tutor. Quant. Methods Psychol.",
  volume      =  8,
  number      =  1,
  pages       = "23--34",
  year        =  2012,
  keywords    = "Type Errors",
  language    = "en",
  issn        = "1913-4126",
  pmid        = "22833776",
  pmc         = "PMC3402032"
}

@INPROCEEDINGS{McAdam1998-ub,
  title      = "On the Unification of Substitutions in Type Inference",
  booktitle  = "Implementation of Functional Languages",
  author     = "McAdam, Bruce J",
  editor     = "Hammond, Kevin and Davie, Tony and Clack, Chris",
  publisher  = "Springer Berlin Heidelberg",
  pages      = "137--152",
  series     = "Lecture Notes in Computer Science",
  month      =  "9~" # sep,
  year       =  1998,
  keywords   = "Type Errors",
  language   = "en",
  conference = "Symposium on Implementation and Application of Functional
                Languages",
  isbn       = "9783540662297, 9783540485155",
  doi        = "10.1007/3-540-48515-5\_9"
}

@ARTICLE{Milner1978-da,
  title    = "A theory of type polymorphism in programming",
  author   = "Milner, Robin",
  journal  = "J. Comput. System Sci.",
  volume   =  17,
  number   =  3,
  pages    = "348--375",
  month    =  "1~" # dec,
  year     =  1978,
  keywords = "Type Errors",
  issn     = "0022-0000",
  doi      = "10.1016/0022-0000(78)90014-4"
}

@ARTICLE{Hindley1969-pb,
  title     = "The Principal {Type-Scheme} of an Object in Combinatory Logic",
  author    = "Hindley, R",
  journal   = "Trans. Amer. Math. Soc.",
  publisher = "American Mathematical Society",
  volume    =  146,
  pages     = "29--60",
  year      =  1969,
  keywords  = "Type Errors",
  issn      = "0002-9947",
  doi       = "10.2307/1995158"
}

@INPROCEEDINGS{Damas1982-uw,
  title     = "Principal Type-schemes for Functional Programs",
  booktitle = "Proceedings of the 9th {ACM} {SIGPLAN-SIGACT} Symposium on
               Principles of Programming Languages",
  author    = "Damas, Luis and Milner, Robin",
  publisher = "ACM",
  pages     = "207--212",
  series    = "POPL '82",
  year      =  1982,
  address   = "New York, NY, USA",
  keywords  = "Type Errors",
  isbn      = "9780897910651",
  doi       = "10.1145/582153.582176"
}

@INPROCEEDINGS{Heeren2003-db,
  title     = "Scripting the type inference process",
  booktitle = "Proceedings of the eighth {ACM} {SIGPLAN} international
               conference on Functional programming",
  author    = "Heeren, Bastiaan and Hage, Jurriaan and Swierstra, S Doaitse",
  publisher = "ACM",
  volume    =  38,
  pages     = "3--13",
  month     =  "25~" # aug,
  year      =  2003,
  keywords  = "constraints; directives; domain-specific programming; type
               errors; type inference; constraints; directives; domain-specific
               programming; type errors; type inference;Type Errors",
  issn      = "0362-1340",
  isbn      = "9781581137569",
  doi       = "10.1145/944705.944707"
}

@INPROCEEDINGS{Bayne2011-cn,
  title     = "Always-available static and dynamic feedback",
  booktitle = "Proceedings of the 33rd International Conference on Software
               Engineering",
  author    = "Bayne, Michael and Cook, Richard and Ernst, Michael D",
  publisher = "ACM",
  pages     = "521--530",
  series    = "ICSE '11",
  month     =  "21~" # may,
  year      =  2011,
  address   = "New York, NY, USA",
  keywords  = "dynamic typing; gradual typing; hybrid typing; productivity;
               prototyping; refactoring; static typing; type error;Type Errors",
  isbn      = "9781450304450",
  doi       = "10.1145/1985793.1985864"
}

@INCOLLECTION{Chen2014-vm,
  title     = "Guided Type Debugging",
  booktitle = "Functional and Logic Programming",
  author    = "Chen, Sheng and Erwig, Martin",
  editor    = "Codish, Michael and Sumii, Eijiro",
  publisher = "Springer International Publishing",
  pages     = "35--51",
  series    = "Lecture Notes in Computer Science",
  month     =  "4~" # jun,
  year      =  2014,
  keywords  = "Type Errors",
  language  = "en",
  isbn      = "97833190715039783319071510, 9783319071510",
  doi       = "10.1007/978-3-319-07151-0\_3"
}

@INPROCEEDINGS{Zhang2015-yu,
  title     = "Diagnosing Type Errors with Class",
  booktitle = "Proceedings of the 36th {ACM} {SIGPLAN} Conference on
               Programming Language Design and Implementation",
  author    = "Zhang, Danfeng and Myers, Andrew C and Vytiniotis, Dimitrios and
               Peyton-Jones, Simon",
  publisher = "ACM",
  pages     = "12--21",
  series    = "PLDI 2015",
  year      =  2015,
  address   = "New York, NY, USA",
  keywords  = "Error diagnosis, Haskell, type inference;Type Errors",
  isbn      = "9781450334686",
  doi       = "10.1145/2737924.2738009"
}

@ARTICLE{Duggan1996-by,
  title    = "Explaining type inference",
  author   = "Duggan, Dominic and Bent, Frederick",
  journal  = "Science of Computer Programming",
  volume   =  27,
  number   =  1,
  pages    = "37--83",
  month    =  jul,
  year     =  1996,
  keywords = "Type Errors",
  issn     = "0167-6423",
  doi      = "10.1016/0167-6423(95)00007-0"
}

@INCOLLECTION{Naik2005-bk,
  title     = "A Type System Equivalent to a Model Checker",
  booktitle = "Programming Languages and Systems",
  author    = "Naik, Mayur and Palsberg, Jens",
  publisher = "Springer Berlin Heidelberg",
  pages     = "374--388",
  series    = "Lecture Notes in Computer Science",
  month     =  "4~" # apr,
  year      =  2005,
  keywords  = "Type Errors",
  isbn      = "9783540254355, 9783540319870",
  doi       = "10.1007/978-3-540-31987-0\_26"
}

@INCOLLECTION{Gast2004-zd,
  title     = "Explaining {ML} Type Errors by Data Flows",
  booktitle = "Implementation and Application of Functional Languages",
  author    = "Gast, Holger",
  publisher = "Springer Berlin Heidelberg",
  pages     = "72--89",
  series    = "Lecture Notes in Computer Science",
  month     =  "8~" # sep,
  year      =  2004,
  keywords  = "Type Errors",
  isbn      = "9783540260943, 9783540320388",
  doi       = "10.1007/11431664\_5"
}

@INPROCEEDINGS{Stuckey2003-yh,
  title     = "Interactive type debugging in Haskell",
  booktitle = "Proceedings of the 2003 {ACM} {SIGPLAN} workshop on Haskell",
  author    = "Stuckey, Peter J and Sulzmann, Martin and Wazny, Jeremy",
  publisher = "ACM",
  pages     = "72--83",
  month     =  "28~" # aug,
  year      =  2003,
  keywords  = "Hindley/Milner; constraints; overloading; type classes; type
               debugging; type inference;Type Errors",
  isbn      = "9781581137583",
  doi       = "10.1145/871895.871903"
}

@ARTICLE{Lee1998-ys,
  title     = "Proofs About a Folklore Let-polymorphic Type Inference Algorithm",
  author    = "Lee, Oukseh and Yi, Kwangkeun",
  journal   = "ACM Trans. Program. Lang. Syst.",
  publisher = "ACM",
  volume    =  20,
  number    =  4,
  pages     = "707--723",
  month     =  jul,
  year      =  1998,
  address   = "New York, NY, USA",
  keywords  = "type error, type inference algorithm;Type Errors",
  issn      = "0164-0925",
  doi       = "10.1145/291891.291892"
}

@INPROCEEDINGS{Chitil2001-td,
  title     = "Compositional Explanation of Types and Algorithmic Debugging of
               Type Errors",
  booktitle = "Proceedings of the Sixth {ACM} {SIGPLAN} International
               Conference on Functional Programming",
  author    = "Chitil, Olaf",
  publisher = "ACM",
  pages     = "193--204",
  series    = "ICFP '01",
  year      =  2001,
  address   = "New York, NY, USA",
  keywords  = "Type Errors",
  isbn      = "9781581134155",
  doi       = "10.1145/507635.507659"
}

@INCOLLECTION{Haack2003-vc,
  title     = "Type Error Slicing in Implicitly Typed {Higher-Order} Languages",
  booktitle = "Programming Languages and Systems",
  author    = "Haack, Christian and Wells, J B",
  publisher = "Springer Berlin Heidelberg",
  pages     = "284--301",
  series    = "Lecture Notes in Computer Science",
  month     =  "7~" # apr,
  year      =  2003,
  keywords  = "Type Errors",
  isbn      = "9783540008866, 9783540365754",
  doi       = "10.1007/3-540-36575-3\_20"
}

@PHDTHESIS{Heeren2005-aw,
  title    = "Top Quality Type Error Messages",
  author   = "Heeren, Bastiaan Johannes",
  year     =  2005,
  school   = "Universiteit Utrecht",
  keywords = "Type Errors"
}

@ARTICLE{Hage2009-em,
  title    = "Strategies for Solving Constraints in Type and Effect Systems",
  author   = "Hage, Jurriaan and Heeren, Bastiaan",
  journal  = "Electron. Notes Theor. Comput. Sci.",
  volume   =  236,
  pages    = "163--183",
  month    =  "2~" # apr,
  year     =  2009,
  keywords = "type and effect systems; inference algorithms; constraints;
              solving strategies;Type Errors",
  issn     = "1571-0661",
  doi      = "10.1016/j.entcs.2009.03.021"
}

@INCOLLECTION{Alpuente2015-zp,
  title     = "Combining Runtime Checking and Slicing to Improve Maude Error
               Diagnosis",
  booktitle = "Logic, Rewriting, and Concurrency",
  author    = "Alpuente, Mar{\'\i}a and Ballis, Demis and Frechina, Francisco
               and Sapi{\~n}a, Julia",
  publisher = "Springer International Publishing",
  pages     = "72--96",
  series    = "Lecture Notes in Computer Science",
  year      =  2015,
  keywords  = "Type Errors",
  isbn      = "9783319231648, 9783319231655",
  doi       = "10.1007/978-3-319-23165-5\_3"
}

@INPROCEEDINGS{Sagonas2013-bf,
  title     = "Precise Explanation of Success Typing Errors",
  booktitle = "Proceedings of the {ACM} {SIGPLAN} 2013 Workshop on Partial
               Evaluation and Program Manipulation",
  author    = "Sagonas, Konstantinos and Silva, Josep and Tamarit, Salvador",
  publisher = "ACM",
  pages     = "33--42",
  series    = "PEPM '13",
  year      =  2013,
  address   = "New York, NY, USA",
  keywords  = "erlang, program slicing, type inference;Type Errors",
  isbn      = "9781450318426",
  doi       = "10.1145/2426890.2426897"
}

@INCOLLECTION{Serrano2016-oo,
  title     = "Type Error Diagnosis for Embedded {DSLs} by {Two-Stage}
               Specialized Type Rules",
  booktitle = "Programming Languages and Systems",
  author    = "Serrano, Alejandro and Hage, Jurriaan",
  publisher = "Springer Berlin Heidelberg",
  pages     = "672--698",
  series    = "Lecture Notes in Computer Science",
  month     =  "3~" # apr,
  year      =  2016,
  keywords  = "Type Errors",
  isbn      = "9783662494974, 9783662494981",
  doi       = "10.1007/978-3-662-49498-1\_26"
}

@ARTICLE{Rahli2015-tt,
  title     = "Skalpel: A Type Error Slicer for Standard {ML}",
  author    = "Rahli, Vincent and Wells, Joe and Pirie, John and Kamareddine,
               Fairouz",
  journal   = "Electron. Notes Theor. Comput. Sci.",
  publisher = "Elsevier",
  volume    =  312,
  pages     = "197--213",
  month     =  "24~" # apr,
  year      =  2015,
  keywords  = "Automated type inference; Automated error diagnosis; Improved
               error reports;Type Errors",
  issn      = "1571-0661",
  doi       = "10.1016/j.entcs.2015.04.012"
}

@TECHREPORT{Rahli2010-ps,
  title       = "A constraint system for a {SML} type error slicer",
  author      = "Rahli, Vincent and Wells, J B and Kamareddine, Fairouz",
  number      = "HW-MACS-TR-0079",
  institution = "Herriot Watt University",
  year        =  2010,
  keywords    = "Type Errors"
}

@INCOLLECTION{Hage2006-hc,
  title     = "Heuristics for Type Error Discovery and Recovery",
  booktitle = "Implementation and Application of Functional Languages",
  author    = "Hage, Jurriaan and Heeren, Bastiaan",
  publisher = "Springer Berlin Heidelberg",
  pages     = "199--216",
  series    = "Lecture Notes in Computer Science",
  month     =  "4~" # sep,
  year      =  2006,
  keywords  = "Type Errors",
  isbn      = "9783540741299, 9783540741305",
  doi       = "10.1007/978-3-540-74130-5\_12"
}

@INCOLLECTION{Schilling2011-yf,
  title     = "{Constraint-Free} Type Error Slicing",
  booktitle = "Trends in Functional Programming",
  author    = "Schilling, Thomas",
  publisher = "Springer Berlin Heidelberg",
  pages     = "1--16",
  series    = "Lecture Notes in Computer Science",
  month     =  "16~" # may,
  year      =  2011,
  keywords  = "Type Errors",
  isbn      = "9783642320361, 9783642320378",
  doi       = "10.1007/978-3-642-32037-8\_1"
}

@BOOK{Felleisen2009-ya,
  title     = "Semantics Engineering with {PLT} Redex",
  author    = "Felleisen, Matthias and Findler, Robert Bruce and Flatt, Matthew",
  publisher = "The MIT Press",
  edition   = "1st",
  year      =  2009,
  keywords  = "Type Errors",
  isbn      = "9780262062756"
}


@BOOK{tapl,
  title     = "Types and Programming Languages",
  author    = "Benjamin C. Pierce",
  publisher = "The MIT Press",
  year      =  2004
}

@INPROCEEDINGS{Plociniczak2014-ok,
  title      = "Improving {Human-Compiler} Interaction Through Customizable
                Type Feedback",
  booktitle  = "{SPLASH}",
  author     = "Plociniczak, Hubert and Miller, Heather and Odersky, Martin",
  year       =  2014,
  keywords   = "Type Errors",
  conference = "Systems, Programming, Languages and Applications Software for
                Humanity"
}

@INPROCEEDINGS{Naylor2007-mi,
  title      = "Finding Inputs that Reach a Target Expression",
  booktitle  = "Seventh {IEEE} International Working Conference on Source Code
                Analysis and Manipulation",
  author     = "Naylor, M and Runciman, Colin",
  pages      = "133--142",
  series     = "SCAM '07",
  year       =  2007,
  keywords   = "Type Errors",
  conference = "Seventh IEEE International Working Conference on Source Code
                Analysis and Manipulation, 2007. SCAM 2007",
  doi        = "10.1109/SCAM.2007.30"
}

@INPROCEEDINGS{Lindblad2007-oy,
  title     = "Property Directed Generation of {First-Order} Test Data",
  booktitle = "Proceedings of the Eighth Symposium on Trends in Functional
               Programming",
  author    = "Lindblad, Fredrik",
  editor    = "Moraz{\'a}n, Marco T",
  volume    =  8,
  pages     = "105--123",
  series    = "TFP '07",
  year      =  2007,
  keywords  = "Type Errors",
  isbn      = "9781841501963"
}

@INPROCEEDINGS{Perera2012-dy,
  title     = "Functional Programs That Explain Their Work",
  booktitle = "Proceedings of the 17th {ACM} {SIGPLAN} International Conference
               on Functional Programming",
  author    = "Perera, Roly and Acar, Umut A and Cheney, James and Levy, Paul
               Blain",
  publisher = "ACM",
  pages     = "365--376",
  series    = "ICFP '12",
  year      =  2012,
  address   = "New York, NY, USA",
  keywords  = "Type Errors",
  isbn      = "9781450310543",
  doi       = "10.1145/2364527.2364579"
}

@INPROCEEDINGS{Zhang2014-lv,
  title     = "Toward General Diagnosis of Static Errors",
  booktitle = "Proceedings of the 41st {ACM} {SIGPLAN-SIGACT} Symposium on
               Principles of Programming Languages",
  author    = "Zhang, Danfeng and Myers, Andrew C",
  publisher = "ACM",
  pages     = "569--581",
  series    = "POPL '14",
  year      =  2014,
  address   = "New York, NY, USA",
  keywords  = "Type Errors",
  isbn      = "9781450325448",
  doi       = "10.1145/2535838.2535870"
}

@INPROCEEDINGS{Pacheco2007-at,
  title      = "{Feedback-Directed} Random Test Generation",
  booktitle  = "29th International Conference on Software Engineering",
  author     = "Pacheco, Carlos and Lahiri, Shuvendu K and Ernst, Michael D and
                Ball, Thomas",
  pages      = "75--84",
  series     = "ICSE '07",
  year       =  2007,
  keywords   = "Type Errors",
  conference = "29th International Conference on Software Engineering, 2007.
                ICSE 2007",
  doi        = "10.1109/ICSE.2007.37"
}

@INPROCEEDINGS{Godefroid2007-bw,
  title     = "Compositional Dynamic Test Generation",
  booktitle = "Proceedings of the 34th Annual {ACM} {SIGPLAN-SIGACT} Symposium
               on Principles of Programming Languages",
  author    = "Godefroid, Patrice",
  publisher = "ACM",
  pages     = "47--54",
  series    = "POPL '07",
  year      =  2007,
  address   = "New York, NY, USA",
  keywords  = "Type Errors",
  isbn      = "9781595935755",
  doi       = "10.1145/1190216.1190226"
}

@INPROCEEDINGS{Cadar2008-kg,
  title     = "{KLEE}: Unassisted and Automatic Generation of High-coverage
               Tests for Complex Systems Programs",
  booktitle = "Proceedings of the 8th {USENIX} Conference on Operating Systems
               Design and Implementation",
  author    = "Cadar, Cristian and Dunbar, Daniel and Engler, Dawson",
  publisher = "USENIX Association",
  pages     = "209--224",
  series    = "OSDI'08",
  year      =  2008,
  address   = "Berkeley, CA, USA",
  keywords  = "Type Errors"
}

@INCOLLECTION{Smaragdakis2007-zs,
  title     = "Combining Static and Dynamic Reasoning for Bug Detection",
  booktitle = "Tests and Proofs",
  author    = "Smaragdakis, Yannis and Csallner, Christoph",
  editor    = "Gurevich, Yuri and Meyer, Bertrand",
  publisher = "Springer Berlin Heidelberg",
  pages     = "1--16",
  series    = "Lecture Notes in Computer Science",
  year      =  2007,
  keywords  = "Type Errors",
  language  = "en",
  isbn      = "9783540737698"
}

@ARTICLE{Ernst2001-sd,
  title    = "Dynamically discovering likely program invariants to support
              program evolution",
  author   = "Ernst, M D and Cockrell, J and Griswold, William G and Notkin, D",
  journal  = "IEEE Trans. Software Eng.",
  volume   =  27,
  number   =  2,
  pages    = "99--123",
  month    =  feb,
  year     =  2001,
  keywords = "Type Errors",
  issn     = "0098-5589",
  doi      = "10.1109/32.908957"
}

@INPROCEEDINGS{Jeffrey2009-os,
  title      = "{BugFix}: A learning-based tool to assist developers in fixing
                bugs",
  booktitle  = "{IEEE} 17th International Conference on Program Comprehension,
                2009. {ICPC} '09",
  author     = "Jeffrey, D and Feng, Min and Gupta, N and Gupta, R",
  pages      = "70--79",
  month      =  may,
  year       =  2009,
  keywords   = "Type Errors",
  conference = "IEEE 17th International Conference on Program Comprehension,
                2009. ICPC '09",
  doi        = "10.1109/ICPC.2009.5090029"
}

@ARTICLE{Chakravarty2004-hg,
  title    = "The risks and benefits of teaching purely functional programming
              in first year",
  author   = "Chakravarty, Manuel M T and Keller, Gabriele",
  journal  = "J. Funct. Programming",
  volume   =  14,
  number   =  01,
  pages    = "113--123",
  month    =  jan,
  year     =  2004,
  keywords = "Type Errors",
  issn     = "0956-7968, 1469-7653",
  doi      = "10.1017/S0956796803004805"
}

@INPROCEEDINGS{Christiansen2014-qc,
  title     = "Reflect on your mistakes! Lightweight domain-specific error
               messages",
  booktitle = "Preproceedings of the 15th Symposium on Trends in Functional
               Programming",
  author    = "Christiansen, David Raymond",
  year      =  2014,
  keywords  = "Type Errors"
}

@ARTICLE{Thompson1993-ud,
  title    = "Functional programming in education -- Introduction",
  author   = "Thompson, Simon and Wadler, Philip",
  journal  = "J. Funct. Programming",
  volume   =  3,
  number   =  01,
  pages    = "3--4",
  month    =  jan,
  year     =  1993,
  keywords = "Type Errors",
  issn     = "0956-7968, 1469-7653",
  doi      = "10.1017/S0956796800000563"
}

@ARTICLE{Joosten1993-yx,
  title    = "Teaching functional programming to first-year students",
  author   = "Joosten, Stef and Van Den Berg, Klaas and Van Der Hoeven, Gerrit",
  journal  = "J. Funct. Programming",
  volume   =  3,
  number   =  01,
  pages    = "49--65",
  month    =  jan,
  year     =  1993,
  keywords = "Type Errors",
  issn     = "0956-7968, 1469-7653",
  doi      = "10.1017/S0956796800000599"
}

@INPROCEEDINGS{Pavlinovic2014-mr,
  title     = "Finding Minimum Type Error Sources",
  booktitle = "Proceedings of the 2014 {ACM} International Conference on Object
               Oriented Programming Systems Languages \& Applications",
  author    = "Pavlinovic, Zvonimir and King, Tim and Wies, Thomas",
  publisher = "ACM",
  pages     = "525--542",
  series    = "OOPSLA '14",
  year      =  2014,
  address   = "New York, NY, USA",
  keywords  = "Type Errors",
  isbn      = "9781450325851",
  doi       = "10.1145/2660193.2660230"
}

@INPROCEEDINGS{Raychev2015-jg,
  title     = "Predicting Program Properties from ``Big Code''",
  booktitle = "Proceedings of the 42Nd Annual {ACM} {SIGPLAN-SIGACT} Symposium
               on Principles of Programming Languages",
  author    = "Raychev, Veselin and Vechev, Martin and Krause, Andreas",
  publisher = "ACM",
  pages     = "111--124",
  series    = "POPL '15",
  year      =  2015,
  address   = "New York, NY, USA",
  keywords  = "Type Errors",
  isbn      = "9781450333009",
  doi       = "10.1145/2676726.2677009"
}

@INPROCEEDINGS{Heeren2003-gb,
  title     = "Helium, for Learning Haskell",
  booktitle = "Proceedings of the 2003 {ACM} {SIGPLAN} Workshop on Haskell",
  author    = "Heeren, Bastiaan and Leijen, Daan and van IJzendoorn, Arjan",
  publisher = "ACM",
  pages     = "62--71",
  series    = "Haskell '03",
  year      =  2003,
  address   = "New York, NY, USA",
  keywords  = "Type Errors",
  isbn      = "9781581137583",
  doi       = "10.1145/871895.871902"
}

@INPROCEEDINGS{Chen2014-gd,
  title     = "Counter-factual Typing for Debugging Type Errors",
  booktitle = "Proceedings of the 41st {ACM} {SIGPLAN-SIGACT} Symposium on
               Principles of Programming Languages",
  author    = "Chen, Sheng and Erwig, Martin",
  publisher = "ACM",
  pages     = "583--594",
  series    = "POPL '14",
  year      =  2014,
  address   = "New York, NY, USA",
  keywords  = "Type Errors",
  isbn      = "9781450325448",
  doi       = "10.1145/2535838.2535863"
}

@INPROCEEDINGS{Chen2012-eq,
  title     = "An Error-tolerant Type System for Variational Lambda Calculus",
  booktitle = "Proceedings of the 17th {ACM} {SIGPLAN} International Conference
               on Functional Programming",
  author    = "Chen, Sheng and Erwig, Martin and Walkingshaw, Eric",
  publisher = "ACM",
  pages     = "29--40",
  series    = "ICFP '12",
  year      =  2012,
  address   = "New York, NY, USA",
  keywords  = "Type Errors",
  isbn      = "9781450310543",
  doi       = "10.1145/2364527.2364535"
}

@INPROCEEDINGS{Neubauer2003-xv,
  title     = "Discriminative Sum Types Locate the Source of Type Errors",
  booktitle = "Proceedings of the Eighth {ACM} {SIGPLAN} International
               Conference on Functional Programming",
  author    = "Neubauer, Matthias and Thiemann, Peter",
  publisher = "ACM",
  pages     = "15--26",
  series    = "ICFP '03",
  year      =  2003,
  address   = "New York, NY, USA",
  keywords  = "Type Errors",
  isbn      = "9781581137569",
  doi       = "10.1145/944705.944708"
}

@INPROCEEDINGS{Gomard1990-ck,
  title     = "Partial Type Inference for Untyped Functional Programs",
  booktitle = "Proceedings of the 1990 {ACM} Conference on {LISP} and
               Functional Programming",
  author    = "Gomard, Carsten K",
  publisher = "ACM",
  pages     = "282--287",
  series    = "LFP '90",
  year      =  1990,
  address   = "New York, NY, USA",
  keywords  = "Type Errors",
  isbn      = "9780897913683",
  doi       = "10.1145/91556.91672"
}

@INCOLLECTION{Thatte1988-mt,
  title     = "Type inference with partial types",
  booktitle = "Automata, Languages and Programming",
  author    = "Thatte, Satish",
  editor    = "Lepist{\"o}, Timo and Salomaa, Arto",
  publisher = "Springer Berlin Heidelberg",
  pages     = "615--629",
  series    = "Lecture Notes in Computer Science",
  year      =  1988,
  keywords  = "Type Errors",
  language  = "en",
  isbn      = "9783540194880"
}

@ARTICLE{Pierce2000-zz,
  title     = "Local type inference",
  author    = "Pierce, Benjamin C and Turner, David N",
  journal   = "ACM Trans. Program. Lang. Syst.",
  publisher = "ACM",
  volume    =  22,
  number    =  1,
  pages     = "1--44",
  month     =  "1~" # jan,
  year      =  2000,
  keywords  = "polymorphism; subtyping; type inference;Type Errors",
  issn      = "0164-0925",
  doi       = "10.1145/345099.345100"
}

@INCOLLECTION{OKeefe1992-wo,
  title     = "Type inference for partial types is decidable",
  booktitle = "{ESOP} '92",
  author    = "O'Keefe, Patrick M and Wand, Mitchell",
  editor    = "Krieg-Br{\"u}ckner, Bernd",
  publisher = "Springer Berlin Heidelberg",
  pages     = "408--417",
  series    = "Lecture Notes in Computer Science",
  year      =  1992,
  keywords  = "Type Errors",
  language  = "en",
  isbn      = "9783540552536"
}

@INPROCEEDINGS{Stuckey2004-ne,
  title     = "Improving type error diagnosis",
  booktitle = "Proceedings of the 2004 {ACM} {SIGPLAN} workshop on Haskell",
  author    = "Stuckey, Peter J and Sulzmann, Martin and Wazny, Jeremy",
  publisher = "ACM",
  pages     = "80--91",
  series    = "Haskell '04",
  month     =  "22~" # sep,
  year      =  2004,
  address   = "New York, NY, USA",
  keywords  = "Hindley/Milner; constraints; overloading; type classes; type
               debugging; type inference;Type Errors",
  isbn      = "9781581138504",
  doi       = "10.1145/1017472.1017486"
}

@INPROCEEDINGS{Lindahl2006-hz,
  title     = "Practical Type Inference Based on Success Typings",
  booktitle = "Proceedings of the 8th {ACM} {SIGPLAN} International Conference
               on Principles and Practice of Declarative Programming",
  author    = "Lindahl, Tobias and Sagonas, Konstantinos",
  publisher = "ACM",
  pages     = "167--178",
  series    = "PPDP '06",
  year      =  2006,
  address   = "New York, NY, USA",
  keywords  = "Type Errors",
  isbn      = "9781595933881",
  doi       = "10.1145/1140335.1140356"
}

@INPROCEEDINGS{Wright1994-ff,
  title     = "A Practical Soft Type System for Scheme",
  booktitle = "Proceedings of the 1994 {ACM} Conference on {LISP} and
               Functional Programming",
  author    = "Wright, Andrew K and Cartwright, Robert",
  publisher = "ACM",
  pages     = "250--262",
  series    = "LFP '94",
  year      =  1994,
  address   = "New York, NY, USA",
  keywords  = "Type Errors",
  isbn      = "9780897916431",
  doi       = "10.1145/182409.182485"
}

BibTeX | EndNote | ACM Ref
@inproceedings{Devanbu:2012,
 author = {Hindle, Abram and Barr, Earl T. and Su, Zhendong and Gabel, Mark and Devanbu, Premkumar},
 title = {On the Naturalness of Software},
 booktitle = {Proceedings of the 34th International Conference on Software Engineering},
 series = {ICSE '12},
 year = {2012},
 isbn = {978-1-4673-1067-3},
 location = {Zurich, Switzerland},
 pages = {837--847},
 numpages = {11},
 url = {http://dl.acm.org/citation.cfm?id=2337223.2337322},
 acmid = {2337322},
 publisher = {IEEE Press},
 address = {Piscataway, NJ, USA},
}


BibTeX | EndNote | ACM Ref
@inproceedings{Raychev:2014,
 author = {Raychev, Veselin and Vechev, Martin and Yahav, Eran},
 title = {Code Completion with Statistical Language Models},
 booktitle = {Proceedings of the 35th ACM SIGPLAN Conference on Programming Language Design and Implementation},
 series = {PLDI '14},
 year = {2014},
 isbn = {978-1-4503-2784-8},
 location = {Edinburgh, United Kingdom},
 pages = {419--428},
 numpages = {10},
 url = {http://doi.acm.org/10.1145/2594291.2594321},
 doi = {10.1145/2594291.2594321},
 acmid = {2594321},
 publisher = {ACM},
 address = {New York, NY, USA},
}



@INCOLLECTION{Chang2012-fq,
  title     = "From Stack Traces to Lazy Rewriting Sequences",
  booktitle = "Implementation and Application of Functional Languages",
  author    = "Chang, Stephen and Barzilay, Eli and Clements, John and
               Felleisen, Matthias",
  editor    = "Gill, Andy and Hage, Jurriaan",
  publisher = "Springer Berlin Heidelberg",
  pages     = "100--115",
  series    = "Lecture Notes in Computer Science",
  year      =  2012,
  keywords  = "Type Errors",
  language  = "en",
  isbn      = "9783642344060"
}

% The entry below contains non-ASCII chars that could not be converted
% to a LaTeX equivalent.
@INPROCEEDINGS{Nguyen2015-oo,
  title     = "Relatively Complete Counterexamples for Higher-order Programs",
  booktitle = "Proceedings of the 36th {ACM} {SIGPLAN} Conference on
               Programming Language Design and Implementation",
  author    = "Nguyễn, Ph{\'u}c C and Van Horn, David",
  publisher = "ACM",
  pages     = "446--456",
  series    = "PLDI 2015",
  year      =  2015,
  address   = "New York, NY, USA",
  keywords  = "Type Errors",
  isbn      = "9781450334686",
  doi       = "10.1145/2737924.2737971"
}

@INPROCEEDINGS{Faddegon2015-ou,
  title     = "Algorithmic Debugging of Real-world Haskell Programs: Deriving
               Dependencies from the Cost Centre Stack",
  booktitle = "Proceedings of the 36th {ACM} {SIGPLAN} Conference on
               Programming Language Design and Implementation",
  author    = "Faddegon, Maarten and Chitil, Olaf",
  publisher = "ACM",
  pages     = "33--42",
  series    = "PLDI 2015",
  year      =  2015,
  address   = "New York, NY, USA",
  keywords  = "Type Errors",
  isbn      = "9781450334686",
  doi       = "10.1145/2737924.2737985"
}

@INPROCEEDINGS{Isradisaikul2015-ar,
  title     = "Finding Counterexamples from Parsing Conflicts",
  booktitle = "Proceedings of the 36th {ACM} {SIGPLAN} Conference on
               Programming Language Design and Implementation",
  author    = "Isradisaikul, Chinawat and Myers, Andrew C",
  publisher = "ACM",
  pages     = "555--564",
  series    = "PLDI 2015",
  year      =  2015,
  address   = "New York, NY, USA",
  keywords  = "Type Errors",
  isbn      = "9781450334686",
  doi       = "10.1145/2737924.2737961"
}

@INPROCEEDINGS{Osera2015-ig,
  title     = "Type-and-example-directed program synthesis",
  booktitle = "Proceedings of the 36th {ACM} {SIGPLAN} Conference on
               Programming Language Design and Implementation",
  author    = "Osera, Peter-Michael and Zdancewic, Steve",
  publisher = "ACM",
  volume    =  50,
  pages     = "619--630",
  series    = "PLDI 2015",
  month     =  "3~" # jun,
  year      =  2015,
  address   = "New York, NY, USA",
  keywords  = "Functional Programming; Program Syn- thesis; Proof Search; Type
               Theory; Functional Programming; Program Syn- thesis; Proof
               Search; Type Theory;Type Errors",
  issn      = "0362-1340",
  isbn      = "9781450334686",
  doi       = "10.1145/2737924.2738007"
}

@INPROCEEDINGS{Ball2003-gh,
  title     = "From symptom to cause: localizing errors in counterexample
               traces",
  booktitle = "Proceedings of the 30th {ACM} {SIGPLAN-SIGACT} symposium on
               Principles of programming languages",
  author    = "Ball, Thomas and Naik, Mayur and Rajamani, Sriram K",
  publisher = "ACM",
  volume    =  38,
  pages     = "97--105",
  series    = "POPL '03",
  month     =  "15~" # jan,
  year      =  2003,
  address   = "New York, NY, USA",
  keywords  = "debugging; software model checking; debugging; software model
               checking;Type Errors",
  issn      = "0362-1340",
  isbn      = "9781581136289",
  doi       = "10.1145/604131.604140"
}

@INPROCEEDINGS{Manevich2004-gm,
  title     = "{PSE}: Explaining Program Failures via Postmortem Static
               Analysis",
  booktitle = "Proceedings of the 12th {ACM} {SIGSOFT} Twelfth International
               Symposium on Foundations of Software Engineering",
  author    = "Manevich, Roman and Sridharan, Manu and Adams, Stephen and Das,
               Manuvir and Yang, Zhe",
  publisher = "ACM",
  pages     = "63--72",
  series    = "SIGSOFT '04/FSE-12",
  year      =  2004,
  address   = "New York, NY, USA",
  keywords  = "Type Errors",
  isbn      = "9781581138559",
  doi       = "10.1145/1029894.1029907"
}

@INPROCEEDINGS{Lerner2007-dt,
  title     = "Searching for Type-error Messages",
  booktitle = "Proceedings of the 28th {ACM} {SIGPLAN} Conference on
               Programming Language Design and Implementation",
  author    = "Lerner, Benjamin S and Flower, Matthew and Grossman, Dan and
               Chambers, Craig",
  publisher = "ACM",
  pages     = "425--434",
  series    = "PLDI '07",
  year      =  2007,
  address   = "New York, NY, USA",
  keywords  = "Type Errors",
  isbn      = "9781595936332",
  doi       = "10.1145/1250734.1250783"
}

@INPROCEEDINGS{Lerner2006-pj,
  title     = "Seminal: Searching for {ML} Type-error Messages",
  booktitle = "Proceedings of the 2006 Workshop on {ML}",
  author    = "Lerner, Benjamin and Grossman, Dan and Chambers, Craig",
  publisher = "ACM",
  pages     = "63--73",
  series    = "ML '06",
  year      =  2006,
  address   = "New York, NY, USA",
  keywords  = "Type Errors",
  isbn      = "9781595934833",
  doi       = "10.1145/1159876.1159887"
}

@INPROCEEDINGS{Chitil2000-px,
  title     = "Typeview: a tool for understanding type errors",
  booktitle = "12th International Workshop on Implementation of Functional
               Languages, Aachner {Informatik-Berichte}",
  author    = "Chitil, Olaf and Huch, Frank and Simon, Axel",
  pages     = "63--69",
  year      =  2000,
  keywords  = "Type Errors"
}

@INPROCEEDINGS{Godefroid2005-am,
  title     = "{DART}: Directed Automated Random Testing",
  booktitle = "Proceedings of the 2005 {ACM} {SIGPLAN} Conference on
               Programming Language Design and Implementation",
  author    = "Godefroid, Patrice and Klarlund, Nils and Sen, Koushik",
  publisher = "ACM",
  pages     = "213--223",
  series    = "PLDI '05",
  year      =  2005,
  address   = "New York, NY, USA",
  keywords  = "Type Errors",
  isbn      = "9781595930569",
  doi       = "10.1145/1065010.1065036"
}

@INPROCEEDINGS{Sen2005-ju,
  title     = "{CUTE}: A Concolic Unit Testing Engine for {C}",
  booktitle = "Proceedings of the 10th European Software Engineering Conference
               Held Jointly with 13th {ACM} {SIGSOFT} International Symposium
               on Foundations of Software Engineering",
  author    = "Sen, Koushik and Marinov, Darko and Agha, Gul",
  publisher = "ACM",
  pages     = "263--272",
  series    = "ESEC/FSE-13",
  year      =  2005,
  address   = "New York, NY, USA",
  keywords  = "Type Errors",
  isbn      = "9781595930149",
  doi       = "10.1145/1081706.1081750"
}

@INPROCEEDINGS{Ko2004-nc,
  title     = "Designing the Whyline: A Debugging Interface for Asking
               Questions About Program Behavior",
  booktitle = "Proceedings of the {SIGCHI} Conference on Human Factors in
               Computing Systems",
  author    = "Ko, Andrew J and Myers, Brad A",
  publisher = "ACM",
  pages     = "151--158",
  series    = "CHI '04",
  year      =  2004,
  address   = "New York, NY, USA",
  keywords  = "Type Errors",
  isbn      = "9781581137026",
  doi       = "10.1145/985692.985712"
}

@INPROCEEDINGS{Duregard2012-ru,
  title     = "Feat: Functional Enumeration of Algebraic Types",
  booktitle = "Proceedings of the 2012 Haskell Symposium",
  author    = "Dureg{\aa}rd, Jonas and Jansson, Patrik and Wang, Meng",
  publisher = "ACM",
  pages     = "61--72",
  series    = "Haskell '12",
  year      =  2012,
  address   = "New York, NY, USA",
  keywords  = "Type Errors",
  isbn      = "9781450315746",
  doi       = "10.1145/2364506.2364515"
}

@INCOLLECTION{Claessen2014-co,
  title     = "Generating Constrained Random Data with Uniform Distribution",
  booktitle = "Functional and Logic Programming",
  author    = "Claessen, Koen and Dureg{\aa}rd, Jonas and Pa{\l}ka, Micha{\l} H",
  editor    = "Codish, Michael and Sumii, Eijiro",
  publisher = "Springer International Publishing",
  pages     = "18--34",
  series    = "Lecture Notes in Computer Science",
  month     =  "4~" # jun,
  year      =  2014,
  keywords  = "Type Errors",
  language  = "en",
  isbn      = "9783319071503"
}

@ARTICLE{Csallner2004-bf,
  title     = "{JCrasher}: an automatic robustness tester for Java",
  author    = "Csallner, Christoph and Smaragdakis, Yannis",
  journal   = "Softw. Pract. Exp.",
  publisher = "John Wiley \& Sons, Ltd.",
  volume    =  34,
  number    =  11,
  pages     = "1025--1050",
  month     =  "1~" # sep,
  year      =  2004,
  keywords  = "software testing, test case generation, random testing, Java,
               state re-initialization;Type Errors",
  language  = "en",
  issn      = "0038-0644",
  doi       = "10.1002/spe.602"
}

@INPROCEEDINGS{Boyapati2002-bn,
  title     = "Korat: Automated Testing Based on Java Predicates",
  booktitle = "Proceedings of the 2002 {ACM} {SIGSOFT} International Symposium
               on Software Testing and Analysis",
  author    = "Boyapati, Chandrasekhar and Khurshid, Sarfraz and Marinov, Darko",
  publisher = "ACM",
  pages     = "123--133",
  series    = "ISSTA '02",
  year      =  2002,
  address   = "New York, NY, USA",
  keywords  = "Type Errors",
  isbn      = "9781581135626",
  doi       = "10.1145/566172.566191"
}

@INPROCEEDINGS{Ramsey2014-yv,
  title     = "On Teaching *How to Design Programs*: Observations from a
               Newcomer",
  booktitle = "Proceedings of the 19th {ACM} {SIGPLAN} International Conference
               on Functional Programming",
  author    = "Ramsey, Norman",
  publisher = "ACM",
  pages     = "153--166",
  series    = "ICFP '14",
  year      =  2014,
  address   = "New York, NY, USA",
  keywords  = "Type Errors",
  isbn      = "9781450328739",
  doi       = "10.1145/2628136.2628137"
}

@INCOLLECTION{Tillmann2008-qc,
  title     = "{Pex--White} Box Test Generation for .{NET}",
  booktitle = "Tests and Proofs",
  author    = "Tillmann, Nikolai and de Halleux, Jonathan",
  editor    = "Beckert, Bernhard and H{\"a}hnle, Reiner",
  publisher = "Springer Berlin Heidelberg",
  pages     = "134--153",
  series    = "Lecture Notes in Computer Science",
  year      =  2008,
  keywords  = "Type Errors",
  language  = "en",
  isbn      = "9783540791232",
  doi       = "10.1007/978-3-540-79124-9\_10"
}

@INPROCEEDINGS{Claessen2000-lj,
  title     = "{QuickCheck}: A Lightweight Tool for Random Testing of Haskell
               Programs",
  booktitle = "Proceedings of the Fifth {ACM} {SIGPLAN} International
               Conference on Functional Programming",
  author    = "Claessen, Koen and Hughes, John",
  publisher = "ACM",
  pages     = "268--279",
  series    = "ICFP '00",
  year      =  2000,
  address   = "New York, NY, USA",
  keywords  = "Type Errors",
  isbn      = "9781581132021",
  doi       = "10.1145/351240.351266"
}

@INPROCEEDINGS{Runciman2008-ka,
  title     = "Smallcheck and Lazy Smallcheck: Automatic Exhaustive Testing for
               Small Values",
  booktitle = "Proceedings of the First {ACM} {SIGPLAN} Symposium on Haskell",
  author    = "Runciman, Colin and Naylor, Matthew and Lindblad, Fredrik",
  publisher = "ACM",
  pages     = "37--48",
  series    = "Haskell '08",
  year      =  2008,
  address   = "New York, NY, USA",
  keywords  = "Type Errors",
  isbn      = "9781605580647",
  doi       = "10.1145/1411286.1411292"
}

@ARTICLE{Korel1988-nt,
  title    = "Dynamic program slicing",
  author   = "Korel, Bogdan and Laski, Janusz",
  journal  = "Inf. Process. Lett.",
  volume   =  29,
  number   =  3,
  pages    = "155--163",
  month    =  "26~" # oct,
  year     =  1988,
  keywords = "Slicing; dynamic slice; trajectory; data dependence; control
              dependence; debugging;Type Errors",
  issn     = "0020-0190",
  doi      = "10.1016/0020-0190(88)90054-3"
}

@ARTICLE{Ruiz2009-sb,
  title    = "{TILC}: The Interactive {Lambda-Calculus} Tracer",
  author   = "Ruiz, David and Villaret, Mateu",
  journal  = "Electron. Notes Theor. Comput. Sci.",
  volume   =  248,
  pages    = "173--183",
  year     =  2009,
  keywords = "Type Errors",
  language = "en",
  issn     = "1571-0661",
  doi      = "10.1016/j.entcs.2009.07.067"
}

@INCOLLECTION{Jeuring2012-ld,
  title     = "{Ask-Elle}: A Haskell Tutor",
  booktitle = "21st Century Learning for 21st Century Skills",
  author    = "Jeuring, Johan and Gerdes, Alex and Heeren, Bastiaan",
  editor    = "Ravenscroft, Andrew and Lindstaedt, Stefanie and Kloos, Carlos
               Delgado and Hern{\'a}ndez-Leo, Davinia",
  publisher = "Springer Berlin Heidelberg",
  pages     = "453--458",
  series    = "Lecture Notes in Computer Science",
  year      =  2012,
  keywords  = "Type Errors",
  language  = "en",
  isbn      = "97836423326239783642332630"
}

@INPROCEEDINGS{Pavlinovic2015-kh,
  title     = "Practical {SMT-based} Type Error Localization",
  booktitle = "Proceedings of the 20th {ACM} {SIGPLAN} International Conference
               on Functional Programming",
  author    = "Pavlinovic, Zvonimir and King, Tim and Wies, Thomas",
  publisher = "ACM",
  pages     = "412--423",
  series    = "ICFP 2015",
  year      =  2015,
  address   = "New York, NY, USA",
  keywords  = "Type Errors",
  isbn      = "9781450336697",
  doi       = "10.1145/2784731.2784765"
}

@INPROCEEDINGS{Marceau2011-ok,
  title     = "Mind Your Language: On Novices' Interactions with Error Messages",
  booktitle = "Proceedings of the 10th {SIGPLAN} Symposium on New Ideas, New
               Paradigms, and Reflections on Programming and Software",
  author    = "Marceau, Guillaume and Fisler, Kathi and Krishnamurthi, Shriram",
  publisher = "ACM",
  pages     = "3--18",
  series    = "Onward! 2011",
  year      =  2011,
  address   = "New York, NY, USA",
  keywords  = "Type Errors",
  isbn      = "9781450309417",
  doi       = "10.1145/2048237.2048241"
}

@INPROCEEDINGS{Marceau2011-cy,
  title     = "Measuring the Effectiveness of Error Messages Designed for
               Novice Programmers",
  booktitle = "Proceedings of the 42Nd {ACM} Technical Symposium on Computer
               Science Education",
  author    = "Marceau, Guillaume and Fisler, Kathi and Krishnamurthi, Shriram",
  publisher = "ACM",
  pages     = "499--504",
  series    = "SIGCSE '11",
  year      =  2011,
  address   = "New York, NY, USA",
  keywords  = "Type Errors",
  isbn      = "9781450305006",
  doi       = "10.1145/1953163.1953308"
}

@INPROCEEDINGS{Crestani2010-fb,
  title     = "Experience Report: Growing Programming Languages for Beginning
               Students",
  booktitle = "Proceedings of the 15th {ACM} {SIGPLAN} International Conference
               on Functional Programming",
  author    = "Crestani, Marcus and Sperber, Michael",
  publisher = "ACM",
  pages     = "229--234",
  series    = "ICFP '10",
  year      =  2010,
  address   = "New York, NY, USA",
  keywords  = "Type Errors",
  isbn      = "9781605587943",
  doi       = "10.1145/1863543.1863576"
}

@ARTICLE{Spohrer1986-po,
  title    = "Novice Mistakes: Are the Folk Wisdoms Correct?",
  author   = "Spohrer, James C and Soloway, Elliot",
  journal  = "Commun. ACM",
  volume   =  29,
  number   =  7,
  pages    = "624--632",
  month    =  jul,
  year     =  1986,
  keywords = "Type Errors",
  issn     = "0001-0782",
  doi      = "10.1145/6138.6145"
}

@INPROCEEDINGS{Nienaltowski2008-bv,
  title     = "Compiler Error Messages: What Can Help Novices?",
  booktitle = "Proceedings of the 39th {SIGCSE} Technical Symposium on Computer
               Science Education",
  author    = "Nienaltowski, Marie-H{\'e}l{\`e}ne and Pedroni, Michela and
               Meyer, Bertrand",
  publisher = "ACM",
  pages     = "168--172",
  series    = "SIGCSE '08",
  year      =  2008,
  address   = "New York, NY, USA",
  keywords  = "Type Errors",
  isbn      = "9781595937995",
  doi       = "10.1145/1352135.1352192"
}

@INPROCEEDINGS{Jadud2006-ly,
  title     = "Methods and Tools for Exploring Novice Compilation Behaviour",
  booktitle = "Proceedings of the Second International Workshop on Computing
               Education Research",
  author    = "Jadud, Matthew C",
  publisher = "ACM",
  pages     = "73--84",
  series    = "ICER '06",
  year      =  2006,
  address   = "New York, NY, USA",
  keywords  = "Type Errors",
  isbn      = "9781595934949",
  doi       = "10.1145/1151588.1151600"
}

@ARTICLE{Olmer2014-yu,
  title    = "Evaluating Haskell expressions in a tutoring environment",
  author   = "Olmer, Tim and Heeren, Bastiaan and Jeuring, Johan",
  journal  = "Electronic Proceedings in Theoretical Computer Science",
  volume   =  170,
  pages    = "50--66",
  month    =  "12~" # dec,
  year     =  2014,
  keywords = "Type Errors",
  language = "en",
  issn     = "2075-2180",
  doi      = "10.4204/EPTCS.170.4"
}

@INCOLLECTION{Claessen2003-eq,
  title     = "Testing and Tracing Lazy Functional Programs Using {QuickCheck}
               and Hat",
  booktitle = "Advanced Functional Programming",
  author    = "Claessen, Koen and Runciman, Colin and Chitil, Olaf and Hughes,
               John and Wallace, Malcolm",
  editor    = "Jeuring, Johan and Jones, Simon L Peyton",
  publisher = "Springer Berlin Heidelberg",
  pages     = "59--99",
  series    = "Lecture Notes in Computer Science",
  year      =  2003,
  keywords  = "Type Errors",
  language  = "en",
  isbn      = "97835404013229783540448334"
}

@INCOLLECTION{Sestoft2002-my,
  title     = "Demonstrating Lambda Calculus Reduction",
  booktitle = "The Essence of Computation",
  author    = "Sestoft, Peter",
  editor    = "Mogensen, Torben {\AE} and Schmidt, David A and Sudborough, I
               Hal",
  publisher = "Springer Berlin Heidelberg",
  pages     = "420--435",
  series    = "Lecture Notes in Computer Science",
  year      =  2002,
  keywords  = "Type Errors",
  language  = "en",
  isbn      = "97835400032679783540363774"
}

@ARTICLE{Tirronen2015-bg,
  title    = "Understanding beginners' mistakes with Haskell",
  author   = "Tirronen, Ville and Uusi-M{\"a}kel{\"a}, Samuel and
              Isom{\"o}tt{\"o}nen, Ville",
  journal  = "J. Funct. Programming",
  volume   =  25,
  year     =  2015,
  keywords = "Type Errors",
  issn     = "0956-7968, 1469-7653",
  doi      = "10.1017/S0956796815000179"
}

@ARTICLE{Chambers2012-zf,
  title    = "The Function, and Dysfunction, of Information Sources in Learning
              Functional Programming",
  author   = "Chambers, Christopher and Chen, Sheng and Le, Duc and Scaffidi,
              Christopher",
  journal  = "J. Comput. Sci. Coll.",
  volume   =  28,
  number   =  1,
  pages    = "220--226",
  month    =  oct,
  year     =  2012,
  keywords = "Type Errors",
  issn     = "1937-4771"
}

@INPROCEEDINGS{Vytiniotis2012-gh,
  title     = "Equality Proofs and Deferred Type Errors: A Compiler Pearl",
  booktitle = "Proceedings of the 17th {ACM} {SIGPLAN} International Conference
               on Functional Programming",
  author    = "Vytiniotis, Dimitrios and Peyton Jones, Simon and Magalh{\~a}es,
               Jos{\'e} Pedro",
  publisher = "ACM",
  pages     = "341--352",
  series    = "ICFP '12",
  year      =  2012,
  address   = "New York, NY, USA",
  keywords  = "Type Errors",
  isbn      = "9781450310543",
  doi       = "10.1145/2364527.2364554"
}

@INPROCEEDINGS{Renieris1999-qr,
  title     = "Almost: Exploring Program Traces",
  booktitle = "Proceedings of the 1999 Workshop on New Paradigms in Information
               Visualization and Manipulation in Conjunction with the Eighth
               {ACM} Internation Conference on Information and Knowledge
               Management",
  author    = "Renieris, Manos and Reiss, Steven P",
  publisher = "ACM",
  pages     = "70--77",
  series    = "NPIVM '99",
  year      =  1999,
  address   = "New York, NY, USA",
  keywords  = "Type Errors",
  isbn      = "9781581132540",
  doi       = "10.1145/331770.331788"
}

@INPROCEEDINGS{Guo2013-vu,
  title     = "Online Python Tutor: Embeddable Web-based Program Visualization
               for Cs Education",
  booktitle = "Proceeding of the 44th {ACM} Technical Symposium on Computer
               Science Education",
  author    = "Guo, Philip J",
  publisher = "ACM",
  pages     = "579--584",
  series    = "SIGCSE '13",
  year      =  2013,
  address   = "New York, NY, USA",
  keywords  = "Type Errors",
  isbn      = "9781450318686",
  doi       = "10.1145/2445196.2445368"
}

@ARTICLE{Ishii2014-nf,
  title    = "Report on a User Test and Extension of a Type Debugger for Novice
              Programmers",
  author   = "Ishii, Yuki and Asai, Kenichi",
  journal  = "Electronic Proceedings in Theoretical Computer Science",
  volume   =  170,
  pages    = "1--18",
  month    =  "12~" # dec,
  year     =  2014,
  keywords = "Type Errors",
  issn     = "2075-2180",
  doi      = "10.4204/EPTCS.170.1"
}

@INCOLLECTION{Sparud1997-fh,
  title     = "Complete and partial redex trails of functional computations",
  booktitle = "Implementation of Functional Languages",
  author    = "Sparud, Jan and Runciman, Colin",
  editor    = "Clack, Chris and Hammond, Kevin and Davie, Tony",
  publisher = "Springer Berlin Heidelberg",
  pages     = "160--177",
  series    = "Lecture Notes in Computer Science",
  month     =  "10~" # sep,
  year      =  1997,
  keywords  = "Type Errors",
  language  = "en",
  isbn      = "97835406484999783540685289"
}

@ARTICLE{Kishon1995-dq,
  title    = "Semantics directed program execution monitoring",
  author   = "Kishon, Amir and Hudak, Paul",
  journal  = "J. Funct. Programming",
  volume   =  5,
  number   =  04,
  pages    = "501--547",
  year     =  1995,
  keywords = "Type Errors",
  issn     = "0956-7968, 1469-7653",
  doi      = "10.1017/S0956796800001465"
}

@INCOLLECTION{Sparud1997-ds,
  title     = "Tracing lazy functional computations using redex trails",
  booktitle = "Programming Languages: Implementations, Logics, and Programs",
  author    = "Sparud, Jan and Runciman, Colin",
  editor    = "Glaser, Hugh and Hartel, Pieter and Kuchen, Herbert",
  publisher = "Springer Berlin Heidelberg",
  pages     = "291--308",
  series    = "Lecture Notes in Computer Science",
  month     =  "3~" # sep,
  year      =  1997,
  keywords  = "Type Errors",
  language  = "en",
  isbn      = "97835406339839783540695370"
}

@INCOLLECTION{Reinking2015-ic,
  title     = "A {Type-Directed} Approach to Program Repair",
  booktitle = "Computer Aided Verification",
  author    = "Reinking, Alex and Piskac, Ruzica",
  editor    = "Kroening, Daniel and P{\u a}s{\u a}reanu, Corina S",
  publisher = "Springer International Publishing",
  pages     = "511--517",
  series    = "Lecture Notes in Computer Science",
  month     =  "18~" # jul,
  year      =  2015,
  keywords  = "Type Errors",
  language  = "en",
  isbn      = "97833192168989783319216904"
}


@MASTERSTHESIS{Lempsink2009-xf,
  title  = "Generic type-safe diff and patch for families of datatypes",
  author = "Lempsink, Eelco",
  editor = "L{\"o}h, Andres",
  year   =  2009,
  school = "Universiteit Utrecht"
}

@INPROCEEDINGS{Kochhar2016-oc,
  title     = "Practitioners' Expectations on Automated Fault Localization",
  booktitle = "Proceedings of the 25th International Symposium on Software
               Testing and Analysis",
  author    = "Kochhar, Pavneet Singh and Xia, Xin and Lo, David and Li,
               Shanping",
  publisher = "ACM",
  pages     = "165--176",
  series    = "ISSTA 2016",
  year      =  2016,
  address   = "New York, NY, USA",
  keywords  = "Empirical Study, Fault Localization, Practitioners' Expectations",
  isbn      = "9781450343909",
  doi       = "10.1145/2931037.2931051"
}


@ARTICLE{Nelson1979-td,
  title     = "Simplification by Cooperating Decision Procedures",
  author    = "Nelson, Greg and Oppen, Derek C",
  journal   = "ACM Trans. Program. Lang. Syst.",
  publisher = "ACM",
  volume    =  1,
  number    =  2,
  pages     = "245--257",
  month     =  oct,
  year      =  1979,
  address   = "New York, NY, USA",
  issn      = "0164-0925",
  doi       = "10.1145/357073.357079"
}


@INPROCEEDINGS{Flanagan1996-bu,
  title     = "Catching bugs in the web of program invariants",
  booktitle = "Proceedings of the {ACM} {SIGPLAN} 1996 conference on
               Programming language design and implementation",
  author    = "Flanagan, Cormac and Flatt, Matthew and Krishnamurthi, Shriram
               and Weirich, Stephanie and Felleisen, Matthias",
  publisher = "ACM",
  volume    =  31,
  pages     = "23--32",
  series    = "PLDI '96",
  month     =  "1~" # may,
  year      =  1996,
  issn      = "0362-1340",
  isbn      = "9780897917957",
  doi       = "10.1145/249069.231387"
}


@INPROCEEDINGS{Beckman2011-bb,
  title     = "Probabilistic, modular and scalable inference of typestate
               specifications",
  booktitle = "Proceedings of the 32nd {ACM} {SIGPLAN} Conference on
               Programming Language Design and Implementation",
  author    = "Beckman, Nels E and Nori, Aditya V",
  publisher = "ACM",
  volume    =  46,
  pages     = "211--221",
  month     =  "4~" # jun,
  year      =  2011,
  keywords  = "aliasing; inference; object protocol; ownership; permission;
               specification; typestate; aliasing; inference; object protocol;
               ownership; permission; specification; typestate",
  issn      = "0362-1340",
  isbn      = "9781450306638",
  doi       = "10.1145/1993498.1993524"
}

@INPROCEEDINGS{Kremenek2006-gi,
  title     = "From uncertainty to belief: inferring the specification within",
  booktitle = "Proceedings of the 7th symposium on Operating systems design and
               implementation",
  author    = "Kremenek, Ted and Twohey, Paul and Back, Godmar and Ng, Andrew
               and Engler, Dawson",
  publisher = "USENIX Association",
  pages     = "161--176",
  series    = "OSDI '06",
  month     =  "6~" # nov,
  year      =  2006,
  address   = "Berkeley, CA, USA",
  isbn      = "9781931971478"
}

@INPROCEEDINGS{Kremenek2007-qt,
  title     = "A Factor Graph Model for Software Bug Finding",
  booktitle = "{IJCAI}",
  author    = "Kremenek, Ted and Ng, Andrew Y and Engler, Dawson R",
  pages     = "2510--2516",
  year      =  2007
}

@INPROCEEDINGS{Gulwani2007-qk,
  title     = "Program verification as probabilistic inference",
  booktitle = "Proceedings of the 34th annual {ACM} {SIGPLAN-SIGACT} symposium
               on Principles of programming languages",
  author    = "Gulwani, Sumit and Jojic, Nebojsa",
  publisher = "ACM",
  volume    =  42,
  pages     = "277--289",
  month     =  "17~" # jan,
  year      =  2007,
  keywords  = "Gibbs sampling; Markov chain Monte Carlo; automated recovery
               machine; belief networks; factor graphs; forward and backward
               analysis; learning; over and under approximation; probabilistic
               inference; program verification; Gibbs sampling; Markov chain
               Monte Carlo; automated recovery machine; belief networks; factor
               graphs; forward and backward analysis; learning; over and under
               approximation; probabilistic inference; program verification",
  issn      = "0362-1340",
  isbn      = "9781595935755",
  doi       = "10.1145/1190216.1190258"
}

@InProceedings{   CousotCousot77,
  author        = "P. Cousot and R. Cousot",
  title         = "Abstract interpretation: a unified lattice model for the
                  static analysis of programs",
  booktitle     = "POPL 77",
  publisher     = "ACM",
  pages         = {238-252},
  year          = "1977"
}


@ARTICLE{Kotsiantis2007-pj,
  title   = "Supervised Machine Learning: A Review of Classification Techniques",
  author  = "Kotsiantis, S B",
  journal = "Informatica",
  volume  =  31,
  number  =  3,
  pages   = "249--268",
  year    =  2007,
  issn    = "0350-5596"
}

@INCOLLECTION{Kremenek2003-ck,
  title     = "{Z-Ranking}: Using Statistical Analysis to Counter the Impact of
               Static Analysis Approximations",
  booktitle = "Static Analysis",
  author    = "Kremenek, Ted and Engler, Dawson",
  editor    = "Cousot, Radhia",
  publisher = "Springer Berlin Heidelberg",
  volume    =  2694,
  pages     = "295--315",
  series    = "Lecture Notes in Computer Science",
  month     =  "13~" # may,
  year      =  2003,
  address   = "Berlin, Heidelberg",
  issn      = "0302-9743",
  isbn      = "9783540403258, 9783540448983",
  doi       = "10.1007/3-540-44898-5\_16"
}

@INPROCEEDINGS{Hindle2012-hf,
  title     = "On the Naturalness of Software",
  booktitle = "Proceedings of the 34th International Conference on Software
               Engineering",
  author    = "Hindle, Abram and Barr, Earl T and Su, Zhendong and Gabel, Mark
               and Devanbu, Premkumar",
  publisher = "IEEE Press",
  pages     = "837--847",
  series    = "ICSE '12",
  year      =  2012,
  address   = "Piscataway, NJ, USA",
  isbn      = "9781467310673"
}


@INPROCEEDINGS{Gabel2010-el,
  title     = "A Study of the Uniqueness of Source Code",
  booktitle = "Proceedings of the Eighteenth {ACM} {SIGSOFT} International
               Symposium on Foundations of Software Engineering",
  author    = "Gabel, Mark and Su, Zhendong",
  publisher = "ACM",
  pages     = "147--156",
  series    = "FSE '10",
  year      =  2010,
  address   = "New York, NY, USA",
  keywords  = "large scale study, software uniqueness, source code",
  isbn      = "9781605587912",
  doi       = "10.1145/1882291.1882315"
}


@ARTICLE{Breiman2001-wo,
  title     = "Random Forests",
  author    = "Breiman, Leo",
  journal   = "Mach. Learn.",
  publisher = "Kluwer Academic Publishers",
  volume    =  45,
  number    =  1,
  pages     = "5--32",
  month     =  "1~" # oct,
  year      =  2001,
  language  = "en",
  issn      = "0885-6125, 1573-0565",
  doi       = "10.1023/A:1010933404324"
}


@ARTICLE{Kingma2014-ng,
  title         = "Adam: A Method for Stochastic Optimization",
  author        = "Kingma, Diederik P and Ba, Jimmy",
  month         =  "22~" # dec,
  year          =  2014,
  archivePrefix = "arXiv",
  eprint        = "1412.6980",
  primaryClass  = "cs.LG",
  arxivid       = "1412.6980"
}

@INPROCEEDINGS{Nair2010-xg,
  title     = "Rectified linear units improve restricted boltzmann machines",
  booktitle = "Proceedings of the 27th international conference on machine
               learning ({ICML-10})",
  author    = "Nair, Vinod and Hinton, Geoffrey E",
  pages     = "807--814",
  year      =  2010
}

@BOOK{Nielsen2015-pu,
  title     = "Neural Networks and Deep Learning",
  author    = "Nielsen, Michael A",
  publisher = "Determination Press",
  year      =  2015
}

@ARTICLE{Rokach2010-fn,
  title     = "Ensemble-based classifiers",
  author    = "Rokach, Lior",
  journal   = "Artif Intell Rev",
  publisher = "Springer Netherlands",
  volume    =  33,
  number    = "1-2",
  pages     = "1--39",
  month     =  "1~" # feb,
  year      =  2010,
  language  = "en",
  issn      = "0269-2821, 1573-7462",
  doi       = "10.1007/s10462-009-9124-7"
}

@BOOK{Quinlan1993-de,
  title     = "C4.5: Programs for Machine Learning",
  author    = "Quinlan, John Ross",
  publisher = "Morgan Kaufmann",
  year      =  1993,
  language  = "en",
  isbn      = "9781558602380"
}

@BOOK{Breiman1984-qy,
  title     = "Classification and regression trees",
  author    = "Breiman, Leo and Friedman, Jerome and Stone, Charles J and
               Olshen, Richard A",
  publisher = "CRC press",
  year      =  1984
}

@ARTICLE{Park2008-no,
  title       = "Penalized logistic regression for detecting gene interactions",
  author      = "Park, Mee Young and Hastie, Trevor",
  affiliation = "Google Inc., 1600 Amphitheatre Parkway, Mountain View, CA
                 94043, USA. meeyoung@google.com",
  journal     = "Biostatistics",
  publisher   = "Biometrika Trust",
  volume      =  9,
  number      =  1,
  pages       = "30--50",
  month       =  jan,
  year        =  2008,
  language    = "en",
  issn        = "1465-4644",
  pmid        = "17429103",
  doi         = "10.1093/biostatistics/kxm010"
}

@BOOK{Hastie2009-bn,
  title     = "The Elements of Statistical Learning: Data Mining, Inference,
               and Prediction",
  author    = "Hastie, Trevor and Tibshirani, Robert and Friedman, Jerome",
  publisher = "Springer New York",
  series    = "Springer Series in Statistics",
  year      =  2009,
  isbn      = "9780387848570, 9780387848587",
  doi       = "10.1007/978-0-387-84858-7"
}


@MISC{Seidel2017-ko,
  title  = "{A Collection of Novice Interactions with the {OCaml} {Top-Level}
            System}",
  author = "Seidel, Eric L and Jhala, Ranjit",
  month  =  jun,
  year   =  2017,
  doi    = "10.5281/zenodo.806813"
}
